3312 5130
602 368 718 426 INDEX
737 369 949 429 VERBORUM.
1288 375 1351 439 195

207 530 310 596 166666,
338 530 429 584 166616
454 536 478 594 6,
501 535 529 596 7;
556 536 602 597 33,
626 537 650 586 1.
687 530 756 586 11666
775 555 810 578 ω
829 549 879 600 661
902 533 1170 599 speculatores...
1194 534 1352 604 imperabat

207 609 250 668 31,
265 608 291 654 4.
320 602 390 655 11666
408 601 451 654 166
468 600 628 670 imperabat
645 601 809 670 unicuique,
828 603 871 657 166
884 603 1087 672 616661616666,
1106 603 1149 657 661
1165 607 1222 658 lieri
1236 609 1352 676 possent

207 679 232 741 8,
246 679 272 726 4.
310 689 361 742 seq.
381 674 413 726 66
432 679 457 740 9,
473 677 497 726 1.
521 679 563 740 37,
580 679 603 726 1.
627 679 670 740 39,
686 679 710 729 8.
746 691 798 744 seq.
818 691 872 729 acc.
892 692 914 730 6.
933 675 985 741 inf.
1007 679 1047 742 11,
1063 681 1088 728 2.
1112 681 1156 746 66,
1172 683 1351 746 1.-6666-

205 749 283 798 616111
301 745 468 813 imperatam
486 748 682 798 numeraverat
700 752 742 814 64,
757 751 786 812 23
806 752 848 815 90,
863 752 887 801 8.

296 815 438 884 impetro.
474 817 592 884 6161166
612 818 672 886 alqo
691 821 734 886 28,
749 824 774 870 4.
801 824 843 886 33,
858 823 883 872 2.
908 823 951 883 91,
966 823 991 871 4,
1028 819 1063 872 ab
1082 819 1157 888 alqo,
1176 820 1207 871 ut
1226 824 1269 887 94,
1284 826 1309 874 2.

296 887 439 956 11666666.
475 886 618 941 retardare
638 894 680 954 68,
695 895 721 941 3.
757 887 849 956 611616
867 890 885 942 1.
905 889 1048 958 legionum
1067 895 1110 957 69,
1125 896 1148 944 3.
1187 891 1351 945 comminari

205 959 344 1029 impetum
365 963 447 1024 71,1.
483 957 621 1026 impetum
640 959 745 1028 iacere,
764 961 819 1014 uid.
838 960 920 1015 16616.

296 1029 521 1098 importunitas.
559 1029 699 1083 sedandae
719 1047 814 1085 eorum
832 1030 1057 1100 importunitatis
1076 1031 1269 1101 gratiosae.

296 1100 497 1169 impugnatio.
535 1101 570 1154 ab
589 1102 649 1156 eiua
669 1102 788 1172 (oppidi)
806 1101 1019 1172 impugnatione
1038 1102 1189 1157 deterritus
1209 1109 1252 1171 76,
1266 1111 1292 1161 8.

262 1188 264 1193 ·
296 1172 471 1241 impunitae.
505 1177 548 1236 86,
562 1176 587 1228 8.

297 1245 341 1300 16.
376 1243 397 1298 Ι.
417 1259 440 1296 6.
460 1259 569 1298 accus.
608 1243 760 1311 Proprie.
789 1244 916 1299 ascendit
938 1245 966 1297 in
986 1245 1086 1299 collem
1106 1251 1188 1312 38,1.
1226 1245 1349 1300 66166161

205 1316 301 1370 iacula
322 1315 351 1368 in
377 1313 547 1383 legionarios
571 1320 662 1382 70,4;
690 1323 735 1382 70,
751 1321 777 1369 4.
806 1320 892 1384 78,6.
930 1316 1349 1384 16661661611611111166187,8.

206 1405 236 1441 66
255 1387 285 1440 16
304 1386 439 1456 oppidum
463 1391 510 1451 87,
533 1391 557 1439 6.
593 1388 648 1440 uid.
669 1386 810 1456 conpello,
834 1391 977 1456 conporto.
1015 1388 1110 1457 copias
1129 1389 1156 1441 in
1177 1389 1269 1441 castra
1286 1406 1350 1442 con·

205 1458 386 1524 (16616661.
414 1457 659 1512 666161161661616
673 1457 703 1510 in
717 1458 861 1512 sinistrum
876 1474 961 1512 cornu
981 1463 1023 1526 60,
1039 1466 1063 1513 3.
1093 1458 1349 1513 6666161666116111

207 1535 250 1596 68,
265 1535 291 1584 8.
329 1545 359 1582 66
378 1529 516 1582 conferret
535 1529 669 1582 6616616
688 1530 836 1584 cothonem
857 1535 899 1598 63,
913 1536 939 1583 4.
975 1530 1005 1582 in
1023 1547 1140 1598 regnum
1159 1537 1202 1595 32,
1217 1537 1245 1596 3;
1267 1536 1309 1598 93,
1324 1537 1349 1583 8.

203 1603 260 1656 oid.
280 1599 420 1668 confugio.
458 1598 633 1668 aliquantum
658 1617 805 1654 numerum
830 1599 963 1655 frumenti
987 1599 1018 1654 in
1044 1617 1094 1655 sua
1119 1600 1260 1669 praesidia
1284 1618 1348 1655 con·

204 1673 334 1741 gesserat
351 1677 394 1739 21,
411 1676 433 1725 1.
464 1671 493 1725 in
512 1687 575 1724 eum
595 1673 686 1724 locum
705 1671 850 1726 contendit
869 1676 911 1740 80,
926 1679 950 1726 4,
983 1673 1038 1726 aid.
1058 1670 1174 1726 deduco.
1202 1672 1349 1730 descendo.

204 1746 235 1798 in
253 1744 348 1797 castra
365 1741 495 1797 devenire
513 1748 557 1810 26,
576 1749 600 1796 2.
638 1742 773 1811 diffugere
799 1743 902 1812 partim
921 1743 950 1796 in
969 1749 1061 1796 castra
1080 1742 1217 1810 Caesaris,
1235 1742 1348 1812 partim,

202 1814 234 1869 in
253 1831 323 1883 quas
342 1813 460 1882 quisque
477 1816 590 1883 poterat
607 1813 734 1882 regiones
753 1813 922 1885 [661166116]
943 1820 985 1881 68,
1000 1818 1025 1867 6.
1053 1815 1081 1867 16
1102 1815 1259 1868 Sardiniam
1279 1831 1349 1867 nun-

204 1887 261 1940 tios
283 1927 289 1938 .
310 1927 316 1940 .
337 1929 342 1941 .
362 1886 437 1940 6616
455 1885 579 1952 reliquas
597 1883 756 1952 provincias
775 1884 882 1939 dimisit
900 1891 928 1954 8,
946 1893 968 1940 1.
1006 1885 1153 1955 (legiones)
1176 1885 1206 1939 in
1230 1886 1347 1940 66666116

158 1971 165 1982 ‘
205 1957 430 2025 munitionesque
454 1955 580 2024 disponit
606 1961 654 2022 34,
674 1963 698 2010 6.
736 1957 889 2026 sagittariis
912 1957 1040 2010 deductis
1064 1956 1106 2028 [in
1130 1957 1235 2027 castra]
1260 1962 1307 2024 80,
1324 1963 1348 2010 1.

205 2029 325 2082 educere
344 2028 373 2081 in
392 2027 480 2081 aciem
499 2032 546 2094 31,
567 2033 591 2080 9.
628 2027 656 2080 16
676 2029 769 2082 666616
788 2044 903 2082 6166616
923 2033 969 2094 80,
991 2033 1014 2082 1.
1052 2027 1209 2097 (elephans)
1229 2028 1349 2081 militem

204 2101 235 2153 in
254 2099 374 2154 sublime
394 2097 506 2152 extollit
524 2103 567 2166 84,
582 2105 606 2152 8.
634 2099 744 2166 fugere:
763 2098 792 2153 in
811 2104 903 2154 castra
920 2105 963 2167 40,
980 2105 1004 2154 8.
1020 2106 1045 2153 4.
1070 2103 1113 2166 86,
1128 2105 1153 2153 4.
1184 2099 1214 2152 in
1232 2115 1348 2168 regnum

205 2179 248 2237 93,
266 2177 290 2224 1.
326 2171 424 2239 fugare
442 2169 471 2222 in
491 2169 624 2238 oppidum
644 2176 669 2236 6,
684 2175 707 2224 3.
745 2169 833 2224 moles
851 2169 943 2225 iacere
962 2172 990 2223 in
1010 2176 1153 2239 11161686,
1173 2175 1197 2224 6.
1234 2172 1288 2225 uid.
1307 2169 1349 2223 in-

205 2243 297 2296 mitto.
326 2242 440 2311 inpono.
468 2241 571 2294 incido.
609 2240 689 2308 signa
707 2239 737 2294 in
756 2242 865 2296 hostem
884 2241 981 2294 inferri
1000 2246 1087 2308 82,4.
1123 2241 1227 2294 ferrum
1247 2241 1347 2312 [intro]

205 2315 280 2367 clam
303 2313 333 2366 in
355 2311 516 2366 cubiculum
538 2311 638 2365 intulit
656 2318 703 2379 88,
724 2317 747 2366 3.
786 2314 840 2366 vid.
864 2311 1014 2381 ingredior.
1047 2313 1105 2367 tela
1128 2313 1157 2365 in
1181 2312 1348 2381 elephantos

204 2385 326 2440 iniciunt
344 2389 387 2452 83,
402 2391 426 2438 2.
454 2383 583 2437 introire:
602 2383 631 2436 in
651 2383 786 2453 oppidum
805 2388 886 2452 90,1.
911 2383 949 2456 [7,
964 2384 1004 2454 8].
1031 2383 1061 2436 16
1080 2399 1197 2451 regnum
1215 2383 1256 2437 ire
1270 2389 1313 2450 87,
1325 2388 1350 2437 8.

206 2463 253 2524 98,
268 2461 294 2509 8.
330 2457 386 2510 uid.
405 2456 497 2508 mitto.
534 2453 664 2524 (11666166)
688 2455 868 2522 perferendas
891 2453 921 2506 16
944 2455 1079 2523 oppidum
1102 2460 1133 2520 4,
1147 2459 1172 2508 2.
1209 2453 1238 2506 16
1258 2455 1351 2508 666616

206 2527 354 2596 perfugere
375 2533 417 2592 38,
432 2533 457 2580 3.
483 2531 525 2594 66,
541 2533 565 2580 3.
601 2527 762 2594 pervenire:
781 2527 942 2595 1666166111
961 2531 1003 2593 34,
1019 2530 1044 2579 5.
1080 2525 1109 2578 16
1128 2541 1246 2592 regnum
1266 2530 1349 2591 91,1.

208 2600 270 2670 [68,
286 2600 323 2668 6]
361 2595 467 2652 Caralis
484 2598 514 2651 in
533 2595 691 2650 Sardiniam
714 2603 800 2665 98,1,
839 2596 981 2666 elephanti
1004 2596 1033 2650 in
1052 2595 1140 2650 aciem
1159 2594 1352 2664 producuntur

207 2676 253 2738 27,
269 2676 296 2722 8.
319 2674 368 2736 48,
384 2674 408 2724 6,
445 2671 474 2722 16
498 2670 591 2722 666616
613 2667 762 2738 profugere
786 2674 833 2736 35,
848 2674 872 2722 6.
909 2667 1061 2737 remigibus
1085 2668 1114 2720 in
1133 2667 1267 2736 oppidum
1286 2684 1349 2736 pro-

206 2740 309 2811 gressis
329 2745 415 2806 62,4.
452 2741 507 2794 oid.
526 2739 640 2809 1661616.
667 2739 759 2793 redire
778 2738 807 2792 in
827 2740 919 2794 666616
939 2745 967 2805 3,
983 2746 1007 2793 3.
1032 2741 1079 2806 67,
1100 2743 1125 2792 8.
1162 2739 1216 2792 6161.
1235 2739 1348 2792 reduco.

205 2813 342 2882 repellere
365 2811 395 2864 in
418 2810 553 2880 oppidum
576 2817 605 2878 6,
621 2817 646 2865 6.
682 2827 703 2864 1.
727 2811 757 2864 16
781 2816 873 2865 666616
895 2815 943 2878 68,
963 2817 988 2864 3.
1025 2811 1169 2878 16661666
1190 2825 1347 2866 ...16616

207 2891 253 2952 83,
269 2891 294 2938 8.
331 2883 361 2936 16
385 2884 477 2936 666616
500 2882 665 2936 submittere
691 2888 778 2947 36,1.
814 2899 904 2950 neque
929 2883 959 2935 in
986 2879 1111 2934 Africam
1134 2879 1208 2934 velle
1231 2882 1351 2934 transire

208 2962 294 3024 19,3.
332 2953 440 3008 venire:
463 2956 492 3007 in
511 2953 635 3007 Africam
654 2958 740 3019 86,1.
766 2959 851 3021 64,1.
889 2953 919 3006 in
942 2955 1123 3021 conspectum
1145 2951 1257 3006 Africae
1277 2956 1349 3020 8,6.

205 3029 343 3096 impetum
361 3026 466 3079 facere:
489 3027 519 3078 in
538 3027 609 3095 alqm
629 3030 674 3092 14,
690 3031 714 3078 3.
740 3029 782 3092 68,
800 3031 822 3078 1.
838 3032 862 3078 3.
886 3029 974 3091 69,4.
999 3030 1041 3091 71,
1054 3029 1079 3077 8.
1105 3029 1148 3091 84,
1164 3028 1187 3076 1.
1225 3025 1253 3077 in
1273 3025 1350 3078 cubi-

206 3098 300 3152 culum
325 3103 371 3165 88,
389 3101 415 3150 4.
452 3095 656 3165 inpressionem
679 3098 782 3150 iacere:
811 3097 840 3149 in
868 3096 991 3150 hostium
1018 3095 1175 3164 equitatum
1201 3101 1283 3160 78,3
1310 3095 1350 3164 [16

206 3169 315 3240 1166666]
336 3175 377 3235 78,
393 3175 417 3222 8.
456 3167 567 3236 [166116
588 3167 753 3236 Η166661616
772 3167 967 3238 intendebant]
988 3171 1074 3234 96,1.
1102 3196 1137 3205 -
1165 3169 1209 3232 ut,
1233 3166 1351 3234 inques

206 3240 325 3310 quisque
343 3241 439 3308 partes
457 3239 557 3306 vellet,
580 3237 823 3307 proficiscerentur
842 3244 888 3306 88,
904 3244 929 3292 2.
957 3239 991 3305 cf.
1012 3244 1059 3305 93,
1074 3243 1099 3291 8.
1134 3237 1243 3290 161616
1262 3236 1351 3290 616616

188 3313 346 3366 ¹dederunt
371 3316 413 3365 63.
455 3311 564 3378 equites
591 3326 651 3363 6666
677 3311 826 3364 extendere
853 3309 945 3381 [6616
973 3307 1152 3362 latitudinem
1175 3309 1351 3378 promovere]

209 3390 255 3452 14,
278 3389 302 3438 1.
339 3383 418 3436 iubet
440 3380 529 3435 aciem
554 3380 583 3434 16
610 3380 816 3449 longitudinem
836 3423 841 3434 .
862 3423 868 3435 .
889 3423 895 3435 .
914 3381 1019 3450 porrigi
1047 3386 1136 3444 17,1.
1174 3378 1282 3446 equites
1308 3395 1352 3431 ex·

206 3453 619 3596 661ἐ1ςῗτὲ91621663116ἀί6661
644 3456 690 3520 78,
709 3459 734 3507 4.
771 3454 936 3507 extenuatos
961 3452 1002 3522 [et
1024 3450 1055 3504 in
1073 3450 1279 3520 longitudinem
1305 3451 1352 3503 de·

207 3542 253 3580 rec
268 3544 298 3581 os
414 3567 419 3578 .

300 3568 487 3652 Troicalote.
524 3595 552 3648 16
573 3595 684 3649 6666616
703 3595 840 3663 6166116111
861 3593 1018 3647 6661666661
1037 3597 1120 3660 68,4.
1158 3590 1305 3645 1611616111
1318 3593 1352 3646 X.

207 3670 396 3724 commoratus
416 3673 462 3733 78,
478 3674 503 3721 9.
541 3665 727 3735 (Leptitanos)
752 3665 830 3718 XXX
850 3663 975 3718 centenis
998 3663 1113 3718 milibus
1136 3665 1230 3732 pondo
1250 3663 1352 3718 616116

207 3759 296 3796 66666
316 3740 441 3810 singulos
460 3739 563 3791 multat
581 3744 627 3805 97,
642 3744 667 3792 3.
703 3737 734 3790 16
757 3736 816 3790 dics
836 3753 922 3791 naves
940 3737 1042 3805 longae
1061 3734 1197 3804 adaugeri
1217 3740 1245 3802 1,
1260 3741 1285 3788 6.
1322 3737 1354 3788 66
1376 3791 1380 3798 ,

207 3829 304 3866 661666
330 3810 359 3865 16
385 3809 445 3865 dies
470 3809 608 3878 horasque
634 3807 727 3877 parati
753 3808 846 3861 essent
870 3813 898 3876 1,
918 3813 943 3861 2.
985 3824 1040 3860 non
1063 3807 1139 3860 totos
1164 3803 1184 3858 0
1207 3805 1353 3875 66666616

206 3885 306 3937 horam
333 3880 409 3953 [1111]
435 3897 599 3950 progressus
625 3884 672 3948 70,
696 3885 718 3934 1.
747 3910 783 3918 -
811 3879 914 3933 liberos
939 3877 1048 3933 ...in
1074 3877 1238 3932 servitutem
1264 3877 1354 3945 abripi

207 3962 253 4022 86,
274 3962 299 4009 6.
336 3955 391 4008 uid.
417 3954 533 4006 adduco.
562 3950 658 4006 coicio.
696 3950 726 4003 in
744 3951 840 4019 fugam
860 3951 1020 4004 convertere
1040 3954 1087 4016 17,
1111 3956 1133 4002 1.
1171 3949 1200 4001 16
1219 3952 1354 4003 6611616111

207 4043 343 4081 66616166
363 4025 492 4093 equitatu
511 4028 559 4090 40,
574 4030 598 4077 2.
636 4039 705 4090 quos
730 4023 841 4075 fortuna
864 4023 893 4075 in
911 4023 1037 4076 nostram
1061 4019 1165 4075 detulit
1182 4020 1353 4089 potestatem

207 4104 255 4165 44,
275 4104 300 4152 4.
338 4096 368 4150 in
385 4097 483 4166 fugam
503 4096 570 4149 dare
590 4100 636 4161 78,
656 4099 681 4148 8.
718 4093 746 4146 in
765 4093 921 4162 periculum
944 4092 1078 4161 inpellere
1104 4097 1195 4158 16,1.
1231 4089 1354 4144 161661-

206 4169 350 4239 publicam
370 4170 414 4222 666
431 4169 572 4236 ingressus
596 4171 644 4232 22,
663 4170 687 4218 4.
727 4163 1039 4233 6661611111166666661
1065 4165 1174 4232 legerat
1196 4166 1243 4228 28,
1264 4167 1288 4213 2.
1324 4160 1354 4215 in

206 4243 380 4310 potestatem
399 4237 525 4293 Caesaris
543 4238 688 4292 venissent
706 4243 753 4298 68,
770 4240 794 4288 4.
831 4233 944 4289 Italiam
967 4235 996 4288 in
1020 4234 1181 4289 libertatem
1199 4231 1356 4287 vindicavit

205 4318 249 4379 22,
264 4318 289 4365 8.
310 4343 344 4352 -
363 4312 459 4365 16666
478 4309 601 4364 edictum
619 4307 831 4377 proponendum
850 4312 897 4373 46,
913 4311 939 4359 4.
977 4305 1123 4375 superbius
1142 4304 1228 4358 lubae
1247 4304 1353 4358 factum

205 4384 311 4437 nonin
334 4381 372 4436 M.
391 4381 543 4450 Aquinium
564 4422 570 4435 .
592 4422 597 4433 .
618 4420 624 4432 .
645 4381 693 4432 sed
717 4378 747 4431 in
772 4377 932 4446 Scipionem
955 4383 1003 4445 67,
1022 4383 1047 4431 4.
1084 4377 1207 4444 reliquos
1231 4375 1259 4429 in
1279 4375 1355 4430 dedi-

205 4455 313 4510 tionem
329 4453 495 4522 666661696,
511 4458 536 4506 8.
565 4450 687 4506 66161666
703 4449 733 4503 16
748 4465 877 4503 acervum
892 4450 1058 4518 6666616616
1074 4455 1116 4516 69,
1132 4455 1156 4502 8.
1186 4447 1213 4501 16
1229 4447 1353 4502 ordinem

1090 4535 1143 4590 13*
