3312 5130
307 339 371 404 162
705 336 820 394 INDEX
840 337 1051 394 vuassoauu.

306 510 349 570 29,
365 509 388 556 3.
417 500 624 556 centurionibus
644 501 681 554 ad
698 502 794 570 portas
812 498 943 570 inpositis
962 506 988 567 7,
1002 506 1027 554 2.
1061 498 1090 551 16
1109 502 1222 569 portum
1241 499 1278 554 66
1296 500 1453 569 Ruspinam

305 575 494 645 pervenerunt
516 579 559 639 34,
579 579 604 626 b.
641 571 737 626 classis
761 571 798 626 66
820 570 932 642 Leptim
952 570 1047 625 stabat
1070 577 1112 637 62,
1132 577 1157 624 4.
1195 571 1231 625 66
1254 588 1358 640 aquam
1382 573 1454 626 facit

306 647 399 700 castra
419 650 460 710 76,
479 650 504 698 2.
542 659 613 711 6666
638 644 753 712 (castra)
777 642 813 698 ad
836 641 932 712 Aggar
956 642 1095 696 habuerat
1118 647 1161 709 76,
1184 649 1208 697 2.
1246 643 1340 696 castra
1358 643 1454 711 posuit

306 716 343 772 ad
362 715 497 786 oppidum
516 713 671 784 Ruspinam
691 719 715 781 6,
731 721 755 769 7.
783 714 819 768 ud
837 712 981 783 Thapsum
1000 712 1290 785 6661166661179,1.
1320 713 1355 768 66
1371 713 1453 784 oppi-

307 789 373 842 dum
392 787 422 841 in
441 786 562 841 statione
581 788 662 840 erant
680 791 723 852 78,
738 791 763 840 3.

396 858 584 912 Translate.
621 857 682 911 cide
705 856 816 911 accedo.
854 857 890 909 ad
913 856 1112 910 necessitatem
1135 855 1273 910 adductus
1298 855 1452 911 dimicandi

307 935 349 995 79,
364 935 389 984 2.
426 927 541 998 perduci
564 927 601 982 ad
624 928 775 982 sanitatem
794 932 823 994 4,
846 934 869 980 1.
907 943 979 995 quae
1004 928 1040 982 ad
1064 927 1170 980 victum
1193 927 1335 996 pertinent
1358 932 1407 994 47,
1427 934 1452 980 6.

309 1002 352 1072 [61
377 1001 413 1054 ab
440 998 553 1054 sinistro
580 1015 665 1053 comu
689 997 795 1070 ordiar]
822 999 863 1068 [et
887 998 923 1052 66
947 998 1076 1054 dextrum
1100 997 1275 1069 perveniam]
1295 1003 1377 1063 60,1.
1416 998 1454 1050 66

307 1089 377 1141 opus
395 1071 487 1125 redire
506 1075 550 1139 32,
565 1075 589 1124 2.
628 1072 712 1138 (cum)
730 1085 782 1122 nec
801 1069 955 1123 comminus
975 1068 1012 1123 ad
1031 1087 1130 1122 manus
1149 1070 1286 1123 rediretur
1307 1076 1348 1136 18,
1363 1076 1387 1123 4.
1421 1074 1455 1122 ut

307 1143 343 1196 ad
362 1142 458 1195 album
476 1157 535 1196 sese
549 1140 683 1196 vestitum
697 1141 861 1194 transferret
879 1145 923 1204 67,
938 1147 962 1194 6.
980 1171 1012 1180 -
1032 1141 1067 1192 ut
1082 1140 1190 1207 aliquid
1208 1139 1388 1196 auctoritatis
1403 1141 1453 1194 66-

306 1215 393 1268 ferret
406 1212 591 1267 adterrorem
605 1211 730 1268 Caesaris
745 1216 825 1280 48,1.
852 1214 885 1265 61
899 1211 953 1265 sibi
967 1213 1058 1266 crates
1074 1212 1270 1283 [congererent
1284 1212 1320 1265 ad
1334 1211 1452 1282 arietes]

307 1290 350 1351 20,
364 1291 390 1338 3.
428 1283 547 1339 666166
565 1300 662 1338 necem
681 1288 765 1350 28,4.
790 1289 833 1349 64,
848 1288 873 1336 2.
910 1281 1090 1352 (Vergilium)
1114 1283 1249 1336 invitavit
1272 1283 1308 1337 ad
1331 1281 1455 1336 deditio-

306 1374 370 1411 nem
390 1362 433 1424 86,
447 1360 473 1408 2.
510 1355 547 1410 66
572 1354 659 1426 [eam]
678 1370 803 1424 pugnam
828 1353 922 1421 parari
949 1360 990 1420 12,
1010 1361 1034 1410 3.
1072 1370 1143 1422 6666
1167 1354 1204 1406 66
1226 1352 1333 1408 rictum
1358 1353 1455 1423 parari

310 1428 402 1481 solent
421 1433 464 1481 43.
507 1443 579 1494 quae
598 1426 634 1480 ad
653 1443 714 1479 eam
733 1443 792 1478 rem
811 1441 880 1493 opus
900 1428 980 1479 erant
998 1431 1081 1493 31,1.
1119 1441 1191 1492 quae
1210 1426 1247 1478 ad
1265 1424 1370 1478 bellum
1388 1425 1455 1479 usui

309 1499 400 1552 solent
418 1514 478 1552 esse
493 1503 536 1564 33,
550 1503 575 1553 4.
591 1529 624 1538 -
640 1498 676 1551 ad
694 1495 887 1565 impediendos
902 1495 1007 1550 milites
1021 1538 1028 1550 .
1044 1539 1050 1550 .
1067 1539 1073 1550 .
1087 1496 1198 1550 hostem
1217 1496 1348 1550 accedere
1368 1502 1411 1564 39,
1426 1503 1454 1550 2.

308 1569 381 1625 ratio
401 1569 437 1623 ad
456 1568 675 1638 oppugnandum
693 1565 828 1636 oppidum
852 1567 1044 1622 commorandi
1063 1571 1131 1633 6,1.
1169 1567 1207 1621 66
1226 1568 1457 1622 circumeundum

310 1656 462 1710 conparare
482 1656 512 1693 se
531 1641 682 1709 coeperunt
702 1644 784 1705 14,1.
821 1638 969 1708 pecuniam
993 1639 1030 1693 66
1048 1637 1153 1693 bellum
1173 1637 1334 1693 faciendum
1353 1641 1455 1692 coutu—

309 1713 401 1767 lerunt
418 1717 460 1778 88,
478 1716 502 1766 1.
539 1709 687 1765 considunt
705 1710 742 1764 ad
766 1709 820 1782 [se]
841 1709 1047 1764 defendendum
1066 1715 1091 1776 3,
1106 1715 1131 1763 2.
1168 1708 1243 1762 alam
1262 1710 1300 1763 66
1317 1709 1454 1764 interclu-

308 1783 413 1838 dendos
432 1784 528 1836 hostes
546 1781 657 1836 inmisit
673 1786 722 1848 39,
741 1785 765 1835 6.
802 1781 906 1835 inritat
930 1782 965 1834 66
984 1780 1174 1834 dimicandum
1193 1787 1240 1847 73,
1255 1787 1280 1835 4.
1318 1783 1353 1835 66
1372 1780 1457 1834 dimi-

309 1855 428 1909 candum
457 1853 591 1908 invitatos
620 1858 661 1920 76,
684 1857 708 1906 2.
757 1851 857 1906 missus
886 1851 922 1906 ad
951 1850 1120 1922 stipendium
1149 1850 1344 1921 accipiendum
1373 1858 1403 1916 6,
1429 1858 1454 1907 1.

308 1924 455 1980 Rabirium
478 1925 515 1979 66
539 1924 726 1979 commeatum
748 1923 943 1978 arcessendum
966 1922 1057 1978 mittit
1080 1927 1149 1990 8,1.
1187 1925 1224 1976 ad
1243 1922 1455 1978 defendendum

308 1997 403 2067 parari
422 2002 464 2063 31,
481 2001 505 2050 7.
534 1996 569 2049 66
588 1995 709 2063 reliquas
725 1995 821 2064 [naves
841 1994 994 2065 onerarias]
1010 1993 1213 2063 conquirendas
1227 1993 1366 2064 proficisci
1384 2001 1410 2062 8,
1426 2000 1453 2048 2.

309 2068 345 2120 66
364 2065 517 2122 exercitum
535 2065 782 2135 transportandum
806 2065 944 2134 proficisci
963 2072 1046 2134 37,1.
1084 2065 1121 2120 ad
1144 2064 1328 2120 obsidendum
1346 2063 1456 2120 relictis

309 2145 351 2206 86,
366 2145 390 2192 3.
416 2169 449 2177 -
474 2138 657 2204 tempestates
681 2137 717 2190 66
740 2136 932 2206 navigandum
953 2136 1071 2192 idoneas
1097 2144 1120 2204 1,
1140 2144 1163 2190 3.
1202 2137 1239 2190 66
1262 2135 1457 2191 dimicandum

308 2212 436 2278 paratum
457 2209 552 2262 venire
571 2214 615 2275 41,
630 2215 654 2262 3.
693 2208 729 2261 66
748 2207 882 2277 oppidum
906 2207 1125 2277 oppugnandum
1144 2207 1288 2262 nonsatis
1308 2209 1456 2278 copiarum

309 2280 433 2334 habebat
451 2285 476 2347 5,
494 2286 516 2335 1.
537 2311 569 2320 -
590 2297 653 2334 cum
671 2278 728 2332 iam
747 2280 784 2332 66
803 2279 869 2334 66116
889 2296 1018 2334 occasum
1037 2281 1110 2334 esset
1129 2284 1211 2347 70,1.
1241 2279 1277 2332 66
1296 2280 1456 2334 extremum

309 2351 494 2418 66161961.
533 2367 620 2421 66666
640 2351 676 2405 66
696 2357 739 2418 19,
753 2356 778 2404 4.
802 2356 885 2417 61,1.
909 2357 983 2416 69,6
1008 2353 1053 2418 (cf.
1074 2367 1104 2418 6,
1124 2350 1179 2419 61)).
1208 2381 1241 2390 -
1270 2351 1397 2418 equitum
1417 2351 1457 2404 66

309 2425 363 2476 666
392 2423 471 2476 milia
496 2430 520 2491 1,
541 2429 565 2477 5.
604 2421 731 2492 (milites)
754 2422 790 2476 66
814 2421 893 2476 milia
915 2421 969 2476 IIII
993 2427 1035 2491 77,
1055 2429 1080 2477 3.
1117 2421 1174 2476 vim
1196 2420 1321 2476 hostium
1344 2421 1457 2476 661111

307 2494 387 2548 milia
410 2510 525 2548 numero
550 2498 596 2561 78,
616 2499 640 2548 7.
677 2495 839 2548 61666666.
870 2525 902 2532 —
931 2493 1068 2548 tardiores
1092 2493 1128 2546 66
1150 2493 1352 2561 insequendum
1376 2501 1407 2562 6,
1427 2501 1455 2548 6.

308 2567 455 2634 (iumenta)
479 2565 515 2619 ad
539 2565 742 2632 insequendum
766 2563 877 2618 hostem
902 2564 1028 2619 tardiora
1055 2570 1102 2633 18,
1122 2569 1149 2623 4,
1188 2564 1391 2633 impedimento
1416 2567 1456 2620 66

308 2639 382 2691 ultro
410 2637 612 2692 occurrendum
635 2635 695 2690 fore
715 2641 756 2704 68,
777 2641 801 2690 6.
839 2633 962 2689 6111161116
991 2637 1040 2706 [66
1064 2635 1295 2707 oppugnandum]
1323 2638 1384 2690 erat
1408 2652 1456 2690 66-

309 2725 402 2764 666666
422 2713 446 2762 6.
484 2707 610 2762 16661166
631 2707 679 2778 [66
698 2705 923 2777 internicionem]
944 2707 1052 2761 deletus
1070 2714 1113 2774 62,
1128 2713 1153 2760 4.

398 2779 543 2844 uduugco.
581 2779 610 2832 in
629 2778 688 2832 dies
707 2795 794 2832 naves
812 2778 915 2847 longae
934 2777 1069 2847 adaugeri
1088 2783 1113 2846 1,
1128 2784 1152 2833 6.

397 2848 537 2905 adcurro.
574 2851 689 2920 (regem)
709 2850 744 2903 ad
764 2849 898 2918 oppidum
918 2849 1107 2905 adcucurrisse
1128 2855 1170 2917 74,
1186 2856 1211 2904 2.
1248 2849 1303 2904 6161
1321 2849 1458 2906 celeriter

307 2921 344 2975 66
364 2919 512 2976 Caesarem
530 2922 697 2974 accurrisset
714 2925 757 2988 86,
774 2926 798 2974 7.

397 2990 484 3047 addo.
520 2991 636 3060 singulis
656 2992 759 3046 additis
778 2990 864 3046 servis
880 2997 923 3059 64,
938 2997 962 3045 6.
981 3023 1017 3032 -
1035 2991 1129 3046 animo
1148 2991 1345 3061 adriacas.
1365 2999 1408 3062 87,
1424 3001 1451 3047 6.

308 3063 405 3118 666116
424 3061 517 3118 animo
538 3068 580 3130 76,
595 3070 620 3118 3.
657 3062 783 3132 Scipioni
802 3061 929 3117 additum
948 3062 1072 3117 animum
1091 3067 1133 3130 48,
1149 3069 1174 3116 4.

396 3134 522 3190 666666.
560 3133 716 3188 Cominium
742 3133 773 3189 in
801 3135 981 3202 conspectum
1010 3152 1090 3189 suum
1118 3140 1161 3208 46,
1181 3141 1205 3190 3.
1242 3135 1339 3207 copias
1359 3143 1402 3202 33,
1422 3143 1450 3192 6.

308 3212 350 3274 66,
366 3212 391 3262 2.
411 3236 444 3246 -
463 3205 742 3260 inconsuetudinem
761 3222 846 3274 equos
864 3203 1004 3274 patientia
1017 3204 1172 3260 bestiarum
1190 3205 1347 3262 adduxerat
1366 3213 1408 3276 72,
1423 3214 1452 3262 6.

307 3296 332 3332 a.
351 3277 380 3332 in
399 3277 610 3347 neglegentiam
629 3282 710 3345 66,1.
748 3277 784 3332 66
802 3275 1000 3330 necessitatem
1019 3278 1156 3332 adductus
1176 3283 1218 3343 79,
1233 3285 1258 3334 2.
1295 3279 1454 3333 66666161

307 3354 351 3417 86,
370 3357 394 3404 6.
432 3349 600 3404 auctoritate
623 3347 738 3404 adducti
761 3348 858 3418 (cives)
882 3353 929 3417 66,
949 3354 973 3404 1.
994 3349 1100 3418 'pretio
1124 3347 1376 3422 pollicitationibus
1401 3351 1454 3404 66-

308 3421 488 3486 66611466.
526 3421 621 3476 dolore
641 3419 777 3474 adductus
797 3419 931 3489 elephans
950 3425 992 3488 84,
1007 3426 1033 3475 4.
1472 3485 1477 3494 Ι

396 3491 513 3547 adfero.
551 3492 686 3546 Catonem
710 3491 765 3546 sibi
788 3491 880 3561 ipsum
903 3507 1003 3545 manus
1026 3491 1155 3546 attulisse
1179 3497 1222 3560 93,
1243 3499 1267 3548 3.
1304 3495 1336 3547 61
1355 3510 1453 3548 secum

303 3563 365 3686 ipse
392 3562 500 3632 aliquid
527 3563 704 3619 auctoritatis
730 3561 853 3618 adferret
877 3567 921 3632 48,
945 3568 969 3617 1.
1008 3563 1106 3617 666116
1132 3563 1167 3616 66
1193 3563 1317 3631 equestri
1340 3565 1453 3634 proelio

306 3636 505 3829 :latoudiiga
540 3705 630 3830 pidum
654 3747 660 3760 .
681 3748 688 3759 .
707 3704 806 3830 .d‹}iqni
818 3703 955 3830 2{ragita-
978 3704 1095 3760 adverso
1118 3705 1227 3774 pectori
1249 3707 1348 3761 adfixit
1367 3713 1407 3774 16,
1422 3713 1451 3762 3.

326 3793 455 3831 6666666
475 3818 481 3831 .
502 3819 508 3831 .
529 3795 572 3832 ,6
610 3793 725 3832 ecuma
764 3792 799 3829 xo
895 3817 901 3829 .

395 3848 515 3903 adfinis.
553 3845 700 3903 Caesarem
719 3847 778 3901 cius
797 3818 890 3915 (Maii)
909 3847 1029 3902 adfinem
1049 3864 1110 3902 esse
1129 3849 1283 3904 audiebant
1302 3857 1345 3919 32,
1360 3857 1385 3906 3.

395 3918 533 3974 adhibeo.
571 3919 718 3975 Petreiano
737 3918 841 3973 auxilio
859 3917 989 3974 adhibito
1009 3924 1051 3988 19,
1066 3926 1091 3974 4.

324 4061 361 4116 dh
395 3990 553 4046 adhortor.
589 3991 694 4046 milites
712 3996 796 4060 39,1.
833 3991 863 4044 16
881 4006 1064 4060 magnopere,
1083 3994 1115 4045 ut
1134 3992 1167 4045 de
1186 3992 1300 4063 negotio
1320 3994 1451 4064 desistas,

306 4080 323 4115 6
362 4066 439 4116 ortcr
457 4068 491 4115 46
516 4068 541 4116 4.

394 4105 503 4189 adicio:
540 4132 662 4188 tironum
681 4133 826 4188 adiecerat
843 4150 947 4201 paucas
967 4134 1118 4202 (cohortes)
1138 4139 1180 4202 60,
1195 4142 1220 4190 2.

393 4205 494 4272 adige.
531 4205 564 4258 ut
581 4205 670 4259 telum
688 4223 722 4259 ex
741 4204 844 4274 oppido
864 4203 941 4273 adigi
961 4203 1048 4274 [abici
1066 4207 1156 4276 codd]
1177 4224 1233 4261 non
1250 4210 1347 4276 posset
1364 4213 1452 4275 66,1.

306 4277 349 4328 661
368 4275 443 4346 parti
462 4277 586 4345 corporis
606 4276 665 4331 eius
685 4275 850 4346 (elephanti)
873 4275 962 4330 telum
986 4275 1069 4330 facile
1094 4277 1170 4347 adigi
1194 4282 1291 4347 posset
1310 4285 1352 4344 72,
1367 4286 1392 4333 4.
1414 4309 1449 4317 ·--

305 4347 340 4399 ad
360 4348 461 4400 collem
479 4347 607 4402 hostibus
626 4347 733 4403 adactis
753 4355 795 4416 78,
810 4354 835 4402 8.

394 4418 559 4486 adipiscor.
596 4419 632 4474 ab
651 4419 778 4487 reliquiis
797 4418 1019 4473 adversariorum
1040 4461 1045 4472 .
1067 4460 1072 4473 .
1094 4461 1099 4472 .
1119 4419 1266 4474 victoriam
1285 4427 1328 4489 31,
1344 4427 1368 4475 9.
