3288 5124
674 359 751 414 cnr.
771 364 885 414 ac-as.
942 432 948 443 ι
1308 357 1351 420 49

202 523 389 607 coepissent
423 525 455 585 et
485 519 650 604 elephanti
680 521 844 603 perterriti
876 543 909 584 se
938 521 978 584 ad
1006 541 1081 584 suos
1106 519 1352 601 convertissent,

201 635 317 676 rursus
350 613 390 675 ab
424 633 483 674 sua
514 611 582 674 acie
612 609 775 692 lapidibus
806 609 914 673 missis
945 632 1014 674 sese
1044 613 1269 674 converterent
1298 609 1350 672 ad·

201 723 318 765 versus
342 701 478 765 hostem.
517 698 607 774 Quod
632 720 727 783 aegre
751 699 906 781 tardeque
929 699 1041 762 fiebat:
1064 698 1160 760 rudes
1184 699 1270 761 enirn
1290 697 1351 760 ele-
1370 714 1386 761 2

201 790 323 873 phauti
346 790 521 852 multorum
541 810 699 852 annorum
718 787 867 852 doctrina
885 809 1008 872 usuque
1023 791 1151 850 vetusto
1171 787 1225 851 vix
1245 786 1351 851 edocti

160 902 178 949 5
202 884 318 943 tamen
341 877 505 942 communi
527 877 671 960 periculo
696 877 730 939 in
754 877 855 940 aciem
878 876 1109 959 producuntur.

296 965 355 1032 28.
388 965 476 1030 Dum
503 965 584 1031 haec
613 967 652 1029 ad
681 965 860 1050 Ruspinam
889 966 929 1028 ab
960 965 1105 1049 utrisque
1136 963 1270 1028 ducibus
1299 963 1385 1027 ad-1

203 1057 448 1133 ministrantur,
486 1052 519 1120 O.
542 1053 710 1140 Vergilius
742 1054 938 1137 praetorius,
976 1055 1030 1138 qui
1060 1053 1199 1137 Thapsi,
1233 1053 1351 1136 oppido

204 1145 396 1224 maritumo,
416 1148 579 1227 praeerat,
599 1166 672 1208 cum
692 1143 836 1207 animum
856 1143 1064 1226 advertisset,
1087 1164 1186 1206 naves
1206 1142 1352 1226 singulas

298 1362 311 1409 1
343 1354 556 1424 convertissent]
585 1353 757 1422 recepissent
774 1354 800 1406 L
833 1356 842 1423 l)
873 1359 889 1406 2
914 1370 1000 1409 asna
1023 1353 1051 1407 L
1082 1353 1091 1421 ΙΙ
1120 1353 1215 1424 *sese]
1235 1369 1282 1407 eos
1303 1353 1325 1406 0
1344 1353 1353 1424 l)

204 1433 224 1482 3
243 1427 325 1481 rudes
339 1427 410 1495 LP;
428 1427 515 1480 audes
529 1425 604 1490 ΑΥ,
622 1425 724 1479 audere
743 1424 835 1479 UFD
849 1427 857 1495 ΙΙ
876 1431 892 1478 5
910 1424 1047 1494 periculo]
1061 1424 1168 1493 proelio
1183 1424 1210 1477 L
1224 1425 1234 1492 ΙΙ
1253 1432 1268 1478 6
1288 1440 1352 1477 cum

209 1498 258 1567 Vll
273 1497 513 1552 amministrantur
527 1495 586 1550 AL
608 1499 618 1565 ΙΙ
641 1503 655 1550 7
676 1497 818 1565 Vergilius
837 1497 909 1563 UF;
927 1494 1065 1565 Virgilius
1084 1495 1111 1548 R
1133 1496 1143 1564 ΙΙ
1165 1495 1309 1565 petronius
1324 1496 1351 1548 A

204 1575 233 1623 et
251 1571 282 1624 D
299 1585 367 1624 corr.
396 1571 405 1636 11
434 1567 637 1622 8mauritumo
663 1566 689 1620 V
708 1569 751 1633 (id
773 1574 811 1622 est
829 1566 984 1632 maritimo,
1013 1568 1106 1620 littero
1127 1583 1147 1619 u
1170 1583 1229 1635 sup.
1249 1567 1354 1635 scripto

205 1643 250 1695 bis
277 1642 392 1706 inserto)
421 1643 431 1710 11
463 1638 607 1693 *animum
635 1637 801 1693 advertisset
829 1638 938 1706 AUR-
970 1638 1094 1691 animum
1125 1636 1287 1692 adverteret
1315 1638 1354 1705 P;

205 1712 445 1766 animadverteret
463 1710 489 1763 L

206 1906 373 1962 Cornificius
388 1912 413 1973 4,
428 1912 453 1975 9,
469 1911 502 1959 14
522 1905 618 1974 coepit
632 1904 776 1972 defricati,
796 1903 1003 1960 constructione
1019 1922 1053 1958 ex
1067 1922 1100 1960 eo
1120 1906 1259 1974 excusata,
1279 1904 1355 1973 quod

206 1977 340 2032 defricari
358 1977 444 2032 medii
463 1979 524 2032 loco
543 1977 667 2046 positum
687 1981 731 2031 est
749 1977 820 2043 (sich
834 1977 967 2031 abreiben
980 1975 1098 2042 lassen);
1118 1975 1274 2031 infinitivos
1289 1992 1353 2030 vere

205 2048 338 2119 passivae
364 2046 578 2118 significationis
604 2048 711 2117 primus
736 2047 851 2102 admisit
874 2045 1003 2116 Asinius,
1030 2050 1145 2116 praeter
1168 2049 1241 2102 hunc
1259 2049 1354 2101 locum

206 2126 252 2188 82,
268 2127 284 2174 4
303 2121 395 2190 (signa
414 2136 530 2189 coepere
544 2119 665 2188 inferri),
684 2121 749 2186 post
763 2136 827 2173 eum
842 2118 930 2173 Varro
944 2138 966 2172 1.
981 2125 1049 2172 rust.
1065 2125 1090 2186 3,
1105 2124 1131 2188 9,
1148 2125 1180 2172 12
1196 2118 1354 2188 quadriduo

205 2195 275 2261 post
292 2208 376 2259 quam
399 2190 525 2245 incubari
545 2190 645 2259 coepit.
675 2188 716 2243 cf.
735 2191 771 2242 ad
791 2195 834 2258 69,
853 2196 877 2244 3.
898 2221 931 2229 -
955 2196 970 2242 2
989 2207 1044 2244 sese
1062 2190 1258 2261 converterent]
1277 2196 1319 2257 83,
1339 2195 1354 2243 2

207 2261 319 2316 bestiae
334 2263 501 2330 perterritae
521 2277 580 2315 sese
596 2265 771 2327 converter·e;
791 2267 834 2330 84,
849 2266 873 2315 4.
903 2260 1107 2314 Emendatione
1126 2262 1222 2316 nostra
1236 2262 1356 2329 probata

205 2334 284 2388 idem
307 2331 464 2386 subiectum
489 2332 653 2401 (elephanti)
677 2332 812 2386 habemus
841 2335 925 2399 atque
953 2332 982 2386 in
1008 2331 1252 2400 antecedentibus,
1279 2332 1356 2399 quod

206 2404 294 2458 simili
317 2404 462 2472 utriusque
486 2404 625 2458 enuntiati
649 2401 866 2458 conformationi
888 2405 942 2472 (ut,
967 2419 1030 2456 cum
1053 2419 1083 2456 se
1102 2404 1138 2455 ad
1157 2420 1221 2457 suos
1240 2419 1356 2457 conver·

205 2476 324 2539 iissent,
347 2492 442 2529 rursus
467 2491 528 2528 sese
551 2476 747 2528 converterent
770 2475 901 2528 adversus
924 2475 1046 2541 hostem)
1069 2473 1160 2541 magis
1184 2476 1280 2543 aptum
1305 2476 1356 2528 est.
1427 2474 1433 2478 “

206 2545 372 2601 Editoribus
398 2549 506 2613 contra,
535 2547 583 2614 qui
608 2547 735 2600 codicum
761 2546 929 2614 scripturam
956 2545 1020 2598 ‘eos
1048 2545 1138 2598 conv.'
1167 2547 1293 2611 tuentur,
1322 2561 1356 2598 ex

206 2616 303 2672 verbis
327 2635 412 2686 supra
434 2616 534 2686 positis
561 2618 655 2670 ‘suam
678 2617 783 2670 aciem'
809 2633 912 2670 novum
936 2615 1093 2670 subiectum
1119 2614 1288 2668 eliciendum
1314 2619 1358 2670 est

210 2689 272 2742 ‘sui
292 2687 453 2757 (Scipionis)
473 2687 605 2755 milites',
629 2689 704 2755 quod
727 2705 783 2742 non
806 2686 866 2741 fieri
889 2688 986 2755 potest
1004 2685 1059 2740 nisi
1077 2685 1106 2738 in
1127 2687 1253 2740 oratione
1271 2686 1356 2741 nimis

210 2775 319 2828 aspera.
340 2791 373 2799 -
398 2765 413 2813 3
432 2760 525 2828 rudes]
545 2757 610 2812 Non
628 2758 699 2813 dicit
717 2759 881 2828 elephantos
904 2757 934 2811 in
952 2758 1113 2811 universum
1130 2756 1267 2812 indociles
1287 2774 1356 2826 esse,

211 2831 286 2900 quod
306 2834 415 2899 pugnat
434 2848 496 2884 oum
514 2829 633 2884 historia
655 2831 779 2883 naturali
797 2827 878 2897 (Plin.
897 2846 926 2883 n.
945 2830 972 2884 h.
992 2836 1017 2896 8,
1039 2835 1052 2882 1
1078 2830 1231 2882 maximum
1252 2830 1357 2883 animal

209 2905 254 2956 est
274 2903 407 2970 elephans
425 2901 638 2970 proximumque
661 2899 792 2955 humanis
815 2899 967 2970 sensibus),
992 2901 1041 2954 sed
1067 2898 1234 2969 elephantos
1253 2919 1270 2955 a
1288 2900 1357 2954 Iuba

208 2973 325 3028 relictos
343 2975 396 3040 (25,
417 2975 442 3042 5)
461 2973 584 3026 nondum
603 2973 688 3026 fuisse
708 2971 840 3027 eruditos.
878 2972 981 3026 Totum
1005 2974 1100 3026 autem
1124 2973 1313 3038 enuntiatum,
1333 2974 1356 3025 si

209 3044 306 3098 omnia
325 3047 488 3110 sanarunt,
513 3045 599 3111 paulo
618 3043 772 3097 contortius
792 3045 842 3099 est.
869 3074 901 3084 -
930 3043 1064 3113 tedocti]
1084 3042 1225 3112 Lamprid.
1245 3043 1355 3112 Heliog.

209 3121 254 3182 21,
271 3119 294 3168 1.
315 3114 409 3169 leones
428 3115 544 3169 edoctos
559 3132 610 3184 per
623 3113 838 3178 mansuetarios;
860 3131 946 3183 quare
961 3131 1017 3168 non
1032 3131 1101 3182 opus
1117 3117 1160 3168 est
1174 3117 1205 3168 ut
1219 3114 1357 3168 scribatur

211 3186 407 3252 ‘condoctos',
432 3202 495 3239 oum
518 3187 683 3254 praesertim
708 3185 816 3240 erudire
840 3187 868 3238 et
892 3186 1022 3239 edomare
1047 3185 1157 3239 dicatur
1175 3186 1210 3239 de
1230 3187 1308 3254 equis
1328 3187 1357 3240 et

210 3256 380 3325 elephantis.
396 3289 429 3296 -
449 3263 464 3310 5
479 3264 570 3311 tamen
584 3259 720 3312 communi
729 3257 773 3336 p]
793 3258 907 3310 Inverso
923 3255 1126 3310 sententiarum
1139 3256 1237 3310 ordine
1251 3258 1357 3311 dictum

210 3344 277 3398 pro:
297 3345 468 3395 quamquam
487 3329 516 3381 11
535 3327 675 3382 communi
694 3344 832 3394 omnium,
854 3331 912 3381 tam
938 3328 1089 3381 bestiarum
1109 3344 1194 3395 quam
1213 3327 1357 3382 homiuum

211 3398 259 3467 (of.
280 3396 358 3454 Caes.
379 3404 403 3466 1,
422 3403 464 3466 39,
484 3401 513 3468 4)
535 3399 674 3466 periculo,
693 3399 723 3452 in
742 3399 830 3452 aciem
849 3396 968 3466 produci
986 3400 1234 3466 possunt„tamen
1254 3398 1356 3453 multo·

209 3487 274 3523 rum
297 3487 433 3525 annorum
456 3469 586 3524 doctrina
609 3487 679 3538 opus
703 3472 758 3535 est3
786 3469 883 3538 itaque
911 3469 996 3522 Iubae
1027 3468 1240 3537 elephantorum
1264 3469 1357 3524 nullus

211 3542 326 3611 poterat
343 3557 403 3596 esse
421 3559 500 3609 usus,
520 3559 584 3595 cum
597 3558 695 3595 recens
714 3531 830 3594 addudti
844 3542 946 3594 essent.
982 3541 1027 3593 An
1046 3540 1160 3608 scripsit
1181 3541 1354 3594 ‘communi’

210 3629 265 3682 pro
286 3611 445 3682 ‘ancipiti',
464 3612 493 3666 id
513 3614 556 3666 est
574 3629 591 3666 a
609 3612 701 3666 fronte
721 3613 750 3665 et
767 3629 784 3664 a
803 3617 903 3680 tergo?

304 3683 353 3738 28.
381 3690 397 3737 6
420 3685 455 3737 ab
477 3685 599 3752 utrisque
622 3683 752 3806 ducibus&
775 3687 851 3747 53,1
873 3709 911 3726 ·=
934 3682 970 3736 ab
993 3684 1111 3749 utroque
1136 3681 1219 3748 duoe;
1246 3682 1357 3736 intelle·

212 3756 318 3824 guntur
338 3755 412 3809 enim
431 3752 581 3809 (laeserat
600 3753 703 3824 Scipio.
754 3753 771 3808 f.
792 3755 828 3808 ad
847 3759 930 3818 81,1.
951 3783 984 3792 -
1004 3753 1251 3878 administrantur&
1271 3753 1305 3808 cf.
1320 3754 1357 3806 ad

212 3825 379 3893 33111111
402 3827 472 3880 haec
494 3826 572 3882 fiunt.
606 3857 639 3865 -
673 3833 687 3880 '1
714 3825 742 3880 0.
768 3825 918 3896 Verpila'us]
942 3825 1056 3893 praetor
1079 3840 1152 3878 anno
1176 3841 1201 3879 a.
1248 3825 1288 3880 hr.
1314 3830 1356 3892 62,

211 3899 313 3966 postea
330 3914 381 3965 pro
400 3900 529 3966 praetore
549 3897 662 3952 Siciliae
685 3896 860 3966 multumque
878 3895 1009 3949 laudatus
1030 3913 1047 3949 a
1065 3893 1197 3949 Cicerone
1217 3896 1252 3951 ad
1273 3896 1305 3961 Q.
1324 3895 1357 3949 fr.

214 3973 238 4035 1,
260 3975 288 4035 2,
313 3974 338 4035 2,
359 3973 388 4035 7,
417 3966 462 4021 cui
485 3968 539 4022 fuit
561 3967 811 4033 familiarissimus,
839 3965 895 4022 Cio.
921 3969 1002 4035 epist.
1027 3972 1052 4032 2,
1075 3972 1115 4034 19,
1134 3972 1159 4020 2.
1187 3984 1237 4035 pro
1262 3966 1356 4019 Plano.

212 4044 248 4092 95
259 4054 300 4106 sq.
316 4069 349 4078 -
368 4045 384 4093 8
399 4041 523 4093 acimum
537 4039 706 4109 advertisset]
724 4040 802 4093 Hanc
824 4039 979 4106 pleniorem
994 4039 1023 4091 et
1037 4036 1225 4105 antiquiorem
1239 4038 1356 4092 formam

211 4111 370 4164 reiecerunt
389 4108 489 4164 055151
507 4113 536 4164 et
550 4109 713 4177 Sallustius,
732 4111 849 4178 excepto
868 4108 986 4164 forsitan
1005 4124 1061 4161 uno
1080 4110 1143 4162 loco
1159 4109 1184 4163 b.
1200 4108 1259 4176 lug.
1275 4111 1317 4173 35,
1332 4115 1358 4175 8,

213 4180 264 4235 ubi
281 4181 416 4235 Iordanus
436 4197 497 4234 cum
512 4182 654 4236 nonnullis
669 4179 793 4248 optimae
806 4179 931 4234 familiae
946 4178 1090 4234 codicibus
1109 4178 1198 4233 edidit
1218 4179 1359 4232 ‘animum

213 4253 305 4317 adv.’;
327 4251 505 4306 retinuerunt
523 4250 619 4306 Cicero
639 4253 668 4306 et
685 4251 797 4304 Asinius
813 4256 854 4318 10,
870 4257 894 4304 3.
919 4253 1001 4317 15,1.
1026 4255 1070 4316 20,
1088 4256 1113 4304 4.
1138 4255 1181 4317 40,
1203 4257 1226 4303 1.
1245 4255 1277 4318 4,
1301 4251 1358 4318 sed,

108 4323 115 4332 ”
212 4327 248 4377 ut
265 4339 318 4392 par
335 4326 409 4391 erat,
427 4322 539 4377 nonnisi
558 4323 587 4376 in
605 4321 703 4378 formis
723 4320 833 4376 activis.
872 4319 923 4390 (cf.
946 4327 1004 4387 8,2
1029 4336 1100 4388 quae
1123 4337 1167 4374 res
1187 4338 1250 4375 cum
1269 4322 1357 4374 anim-

213 4395 333 4449 adversa
348 4397 433 4461 esset;
456 4400 497 4463 18,
513 4401 528 4448 3
543 4395 597 4448 hac
611 4411 641 4449 re
656 4392 863 4459 animadversa,
882 4397 925 4458 82,
940 4399 956 4444 2
972 4389 1180 4460 animadverti.)
1206 4393 1359 4448 Rarissima
1456 4410 1457 4413 ’

213 4467 281 4519 sunt
300 4466 428 4535 exempla
446 4465 572 4535 passiva,
592 4465 682 4520 veluti
700 4465 775 4534 apud
795 4465 887 4519 Plaut.
907 4461 981 4518 Trin.
1003 4469 1072 4517 1043
1091 4463 1156 4517 Non
1175 4466 1227 4518 hoc
1246 4465 1358 4534 puplice

267 4565 359 4605 Bellum
372 4565 484 4605 Africum.
1129 4559 1146 4606 4
