<?xml version="1.0" encoding="UTF-8"?>
<!DOCTYPE html PUBLIC "-//W3C//DTD XHTML 1.0 Transitional//EN"
    "http://www.w3.org/TR/xhtml1/DTD/xhtml1-transitional.dtd">
<html xmlns="http://www.w3.org/1999/xhtml" xml:lang="en" lang="en">
 <head>
  <title>
</title>
<meta http-equiv="Content-Type" content="text/html;charset=utf-8" />
  <meta name='ocr-system' content='tesseract 3.04.00' />
  <meta name='ocr-capabilities' content='ocr_page ocr_carea ocr_par ocr_line ocrx_word'/>
</head>
<body>
  <div class='ocr_page' id='page_1' title='image "./casinipolionisd00miodgoog_0025.png"; bbox 0 0 3292 5132; ppageno 0'>
   <div class='ocr_carea' id='block_1_1' title="bbox 314 315 1064 372">
    <p class='ocr_par' dir='ltr' id='par_1_1' title="bbox 314 315 1064 372">
     <span class='ocr_line' id='line_1_1' title="bbox 314 315 1064 372; baseline -0.001 0"><span class='ocrx_word' id='word_1_1' title='bbox 314 316 406 372; x_wconf 85' lang='lat' dir='ltr'>XVIII</span> <span class='ocrx_word' id='word_1_2' title='bbox 779 315 995 372; x_wconf 79' lang='lat' dir='ltr'><strong>PRAEFATIO.</strong></span> <span class='ocrx_word' id='word_1_3' title='bbox 1060 315 1064 324; x_wconf 83' lang='lat'><strong><em>&#39;</em></strong></span> 
     </span>
    </p>
   </div>
   <div class='ocr_carea' id='block_1_2' title="bbox 304 479 1491 3856">
    <p class='ocr_par' dir='ltr' id='par_1_2' title="bbox 313 479 1455 654">
     <span class='ocr_line' id='line_1_2' title="bbox 404 479 1455 564; baseline 0.002 -20"><span class='ocrx_word' id='word_1_4' title='bbox 404 480 547 544; x_wconf 90' lang='lat' dir='ltr'><strong>Pristina</strong></span> <span class='ocrx_word' id='word_1_5' title='bbox 571 482 656 545; x_wconf 92' lang='lat' dir='ltr'><strong>enim</strong></span> <span class='ocrx_word' id='word_1_6' title='bbox 679 480 786 546; x_wconf 86' lang='lat' dir='ltr'><strong>forma</strong></span> <span class='ocrx_word' id='word_1_7' title='bbox 809 479 945 544; x_wconf 90' lang='lat' dir='ltr'><strong>senariis</strong></span> <span class='ocrx_word' id='word_1_8' title='bbox 968 480 1105 564; x_wconf 88' lang='lat' dir='ltr'><strong>inclusa,</strong></span> <span class='ocrx_word' id='word_1_9' title='bbox 1133 502 1230 564; x_wconf 86' lang='lat' dir='ltr'><strong>quam</strong></span> <span class='ocrx_word' id='word_1_10' title='bbox 1259 481 1455 546; x_wconf 87' lang='lat' dir='ltr'><strong>vetustiores</strong></span> 
     </span>
     <span class='ocr_line' id='line_1_3' title="bbox 313 569 871 654; baseline -0.004 -20"><span class='ocrx_word' id='word_1_11' title='bbox 313 569 439 635; x_wconf 90' lang='lat' dir='ltr'><strong>codices</strong></span> <span class='ocrx_word' id='word_1_12' title='bbox 463 570 669 654; x_wconf 90' lang='lat' dir='ltr'><strong>confirmant,</strong></span> <span class='ocrx_word' id='word_1_13' title='bbox 693 569 755 634; x_wconf 88' lang='lat' dir='ltr'><strong>fuit</strong></span> <span class='ocrx_word' id='word_1_14' title='bbox 777 569 871 634; x_wconf 90' lang='lat' dir='ltr'><strong>haec:</strong></span> 
     </span>
    </p>

    <p class='ocr_par' dir='ltr' id='par_1_3' title="bbox 401 657 1115 742">
     <span class='ocr_line' id='line_1_4' title="bbox 401 657 1115 742; baseline -0.006 -18"><span class='ocrx_word' id='word_1_15' title='bbox 401 658 549 724; x_wconf 81' lang='lat' dir='ltr'>Crudelis</span> <span class='ocrx_word' id='word_1_16' title='bbox 574 662 623 723; x_wconf 85' lang='lat' dir='ltr'><strong>est</strong></span> <span class='ocrx_word' id='word_1_17' title='bbox 646 658 680 722; x_wconf 90' lang='lat' dir='ltr'><strong>in</strong></span> <span class='ocrx_word' id='word_1_18' title='bbox 703 680 738 722; x_wconf 88' lang='lat' dir='ltr'><strong>re</strong></span> <span class='ocrx_word' id='word_1_19' title='bbox 764 659 899 722; x_wconf 88' lang='lat' dir='ltr'><strong>adversa</strong></span> <span class='ocrx_word' id='word_1_20' title='bbox 922 657 1115 742; x_wconf 88' lang='lat' dir='ltr'><strong>obiurgatio.</strong></span> 
     </span>
    </p>

    <p class='ocr_par' dir='ltr' id='par_1_4' title="bbox 400 746 1115 832">
     <span class='ocr_line' id='line_1_5' title="bbox 400 746 1115 832; baseline -0.003 -21"><span class='ocrx_word' id='word_1_21' title='bbox 400 746 563 832; x_wconf 90' lang='lat' dir='ltr'><strong>Malignos</strong></span> <span class='ocrx_word' id='word_1_22' title='bbox 586 747 657 812; x_wconf 87' lang='lat' dir='ltr'><strong>fieri</strong></span> <span class='ocrx_word' id='word_1_23' title='bbox 681 747 820 812; x_wconf 86' lang='lat' dir='ltr'><strong>maxime</strong></span> <span class='ocrx_word' id='word_1_24' title='bbox 843 746 967 832; x_wconf 75' lang='lat' dir='ltr'>ingrati</span> <span class='ocrx_word' id='word_1_25' title='bbox 990 746 1115 811; x_wconf 90' lang='lat' dir='ltr'><strong>docent.</strong></span> 
     </span>
    </p>

    <p class='ocr_par' dir='ltr' id='par_1_5' title="bbox 400 835 1218 919">
     <span class='ocr_line' id='line_1_6' title="bbox 400 835 1218 919; baseline -0.001 -20"><span class='ocrx_word' id='word_1_26' title='bbox 400 835 527 900; x_wconf 83' lang='lat' dir='ltr'><strong>Pericle</strong></span> <span class='ocrx_word' id='word_1_27' title='bbox 549 835 683 900; x_wconf 89' lang='lat' dir='ltr'><strong>timidus</strong></span> <span class='ocrx_word' id='word_1_28' title='bbox 707 835 805 900; x_wconf 90' lang='lat' dir='ltr'><strong>etiam</strong></span> <span class='ocrx_word' id='word_1_29' title='bbox 829 857 912 919; x_wconf 85' lang='lat' dir='ltr'><strong>quae</strong></span> <span class='ocrx_word' id='word_1_30' title='bbox 935 857 1001 899; x_wconf 92' lang='lat' dir='ltr'><strong>non</strong></span> <span class='ocrx_word' id='word_1_31' title='bbox 1023 838 1100 899; x_wconf 92' lang='lat' dir='ltr'><strong>sunt</strong></span> <span class='ocrx_word' id='word_1_32' title='bbox 1122 835 1218 899; x_wconf 90' lang='lat' dir='ltr'><strong>videt.</strong></span> 
     </span>
    </p>

    <p class='ocr_par' dir='ltr' id='par_1_6' title="bbox 401 923 1164 1009">
     <span class='ocr_line' id='line_1_7' title="bbox 401 923 1164 1009; baseline -0.001 -21"><span class='ocrx_word' id='word_1_33' title='bbox 401 924 538 989; x_wconf 77' lang='lat' dir='ltr'><strong>Fatetur</strong></span> <span class='ocrx_word' id='word_1_34' title='bbox 561 924 700 1008; x_wconf 88' lang='lat' dir='ltr'><strong>facinus,</strong></span> <span class='ocrx_word' id='word_1_35' title='bbox 723 925 868 1008; x_wconf 86' lang='lat' dir='ltr'><strong>quisquis</strong></span> <span class='ocrx_word' id='word_1_36' title='bbox 892 923 1046 988; x_wconf 89' lang='lat' dir='ltr'><strong>iudicium</strong></span> <span class='ocrx_word' id='word_1_37' title='bbox 1069 924 1164 1009; x_wconf 90' lang='lat' dir='ltr'><strong>fugit.</strong></span> 
     </span>
    </p>

    <p class='ocr_par' dir='ltr' id='par_1_7' title="bbox 310 1011 1452 1454">
     <span class='ocr_line' id='line_1_8' title="bbox 401 1011 1452 1098; baseline -0.002 -20"><span class='ocrx_word' id='word_1_38' title='bbox 401 1012 484 1089; x_wconf 83' lang='lat' dir='ltr'><strong>Quid</strong></span> <span class='ocrx_word' id='word_1_39' title='bbox 509 1014 610 1098; x_wconf 80' lang='lat' dir='ltr'><strong>ergo?</strong></span> <span class='ocrx_word' id='word_1_40' title='bbox 656 1011 733 1078; x_wconf 91' lang='lat' dir='ltr'><strong>Non</strong></span> <span class='ocrx_word' id='word_1_41' title='bbox 756 1013 876 1097; x_wconf 90' lang='lat' dir='ltr'><strong>solnm,</strong></span> <span class='ocrx_word' id='word_1_42' title='bbox 899 1034 959 1097; x_wconf 93' lang='lat' dir='ltr'><strong>pro</strong></span> <span class='ocrx_word' id='word_1_43' title='bbox 983 1012 1119 1077; x_wconf 87' lang='lat' dir='ltr'><strong>erudelis</strong></span> <span class='ocrx_word' id='word_1_44' title='bbox 1140 1012 1201 1076; x_wconf 91' lang='lat' dir='ltr'><strong>dici</strong></span> <span class='ocrx_word' id='word_1_45' title='bbox 1221 1034 1317 1096; x_wconf 90' lang='lat' dir='ltr'><strong>posse</strong></span> <span class='ocrx_word' id='word_1_46' title='bbox 1338 1035 1452 1078; x_wconf 87' lang='lat' dir='ltr'><strong>saevus</strong></span> 
     </span>
     <span class='ocr_line' id='line_1_9' title="bbox 311 1101 1452 1188; baseline 0 -22"><span class='ocrx_word' id='word_1_47' title='bbox 311 1103 437 1168; x_wconf 90' lang='lat' dir='ltr'><strong>monuit</strong></span> <span class='ocrx_word' id='word_1_48' title='bbox 460 1103 513 1166; x_wconf 92' lang='lat' dir='ltr'><strong>ille</strong></span> <span class='ocrx_word' id='word_1_49' title='bbox 537 1102 782 1188; x_wconf 87' lang='lat' dir='ltr'><strong>grammaticus,</strong></span> <span class='ocrx_word' id='word_1_50' title='bbox 810 1101 867 1165; x_wconf 89' lang='lat' dir='ltr'><strong>sed</strong></span> <span class='ocrx_word' id='word_1_51' title='bbox 896 1101 993 1166; x_wconf 90' lang='lat' dir='ltr'><strong>etiam</strong></span> <span class='ocrx_word' id='word_1_52' title='bbox 1018 1102 1155 1166; x_wconf 90' lang='lat' dir='ltr'><strong>alterum</strong></span> <span class='ocrx_word' id='word_1_53' title='bbox 1180 1123 1309 1166; x_wconf 88' lang='lat' dir='ltr'><strong>versum</strong></span> <span class='ocrx_word' id='word_1_54' title='bbox 1332 1103 1380 1166; x_wconf 91' lang='lat' dir='ltr'><strong>ita</strong></span> <span class='ocrx_word' id='word_1_55' title='bbox 1402 1103 1452 1166; x_wconf 92' lang='lat' dir='ltr'><strong>in-</strong></span> 
     </span>
     <span class='ocr_line' id='line_1_10' title="bbox 311 1189 1452 1276; baseline 0 -19"><span class='ocrx_word' id='word_1_56' title='bbox 311 1192 423 1276; x_wconf 88' lang='lat' dir='ltr'><strong>vertit,</strong></span> <span class='ocrx_word' id='word_1_57' title='bbox 459 1195 496 1254; x_wconf 87' lang='lat' dir='ltr'><strong>ut</strong></span> <span class='ocrx_word' id='word_1_58' title='bbox 528 1190 702 1257; x_wconf 90' lang='lat' dir='ltr'><strong>indicativo</strong></span> <span class='ocrx_word' id='word_1_59' title='bbox 736 1189 953 1256; x_wconf 75' lang='lat' dir='ltr'><strong>accusativum</strong></span> <span class='ocrx_word' id='word_1_60' title='bbox 988 1212 1062 1255; x_wconf 87' lang='lat' dir='ltr'><strong>cum</strong></span> <span class='ocrx_word' id='word_1_61' title='bbox 1098 1189 1258 1256; x_wconf 87' lang='lat' dir='ltr'><strong>infinitivo</strong></span> <span class='ocrx_word' id='word_1_62' title='bbox 1297 1192 1452 1257; x_wconf 84' lang='lat' dir='ltr'><strong>substitui</strong></span> 
     </span>
     <span class='ocr_line' id='line_1_11' title="bbox 310 1279 1451 1365; baseline 0.001 -21"><span class='ocrx_word' id='word_1_63' title='bbox 310 1281 450 1365; x_wconf 71' lang='lat' dir='ltr'><strong>iuberet,</strong></span> <span class='ocrx_word' id='word_1_64' title='bbox 487 1283 603 1363; x_wconf 89' lang='lat' dir='ltr'><strong>quarto</strong></span> <span class='ocrx_word' id='word_1_65' title='bbox 636 1281 773 1364; x_wconf 88' lang='lat' dir='ltr'><strong>denique</strong></span> <span class='ocrx_word' id='word_1_66' title='bbox 806 1301 900 1344; x_wconf 90' lang='lat' dir='ltr'><strong>versu</strong></span> <span class='ocrx_word' id='word_1_67' title='bbox 935 1279 1121 1344; x_wconf 83' lang='lat' dir='ltr'><strong>adverbium</strong></span> <span class='ocrx_word' id='word_1_68' title='bbox 1155 1301 1194 1344; x_wconf 89' lang='lat' dir='ltr'><strong>ex</strong></span> <span class='ocrx_word' id='word_1_69' title='bbox 1228 1302 1286 1345; x_wconf 90' lang='lat' dir='ltr'><strong>suo</strong></span> <span class='ocrx_word' id='word_1_70' title='bbox 1319 1302 1451 1363; x_wconf 89' lang='lat' dir='ltr'><strong>prorsus</strong></span> 
     </span>
     <span class='ocr_line' id='line_1_12' title="bbox 310 1368 597 1454; baseline 0.007 -22"><span class='ocrx_word' id='word_1_71' title='bbox 310 1368 441 1454; x_wconf 91' lang='lat' dir='ltr'><strong>ingenio</strong></span> <span class='ocrx_word' id='word_1_72' title='bbox 466 1369 597 1434; x_wconf 86' lang='lat' dir='ltr'><strong>addidit</strong></span> 
     </span>
    </p>

    <p class='ocr_par' dir='ltr' id='par_1_8' title="bbox 307 1456 1491 2521">
     <span class='ocr_line' id='line_1_13' title="bbox 398 1456 1452 1543; baseline -0.001 -20"><span class='ocrx_word' id='word_1_73' title='bbox 398 1457 522 1523; x_wconf 83' lang='lat' dir='ltr'><strong>Eadem</strong></span> <span class='ocrx_word' id='word_1_74' title='bbox 554 1457 656 1543; x_wconf 90' lang='lat' dir='ltr'><strong>igitur</strong></span> <span class='ocrx_word' id='word_1_75' title='bbox 688 1457 722 1521; x_wconf 92' lang='lat' dir='ltr'><strong>in</strong></span> <span class='ocrx_word' id='word_1_76' title='bbox 754 1457 918 1522; x_wconf 75' lang='lat' dir='ltr'><strong>codicibus</strong></span> <span class='ocrx_word' id='word_1_77' title='bbox 949 1457 1029 1521; x_wconf 92' lang='lat' dir='ltr'><strong>belli</strong></span> <span class='ocrx_word' id='word_1_78' title='bbox 1058 1456 1163 1522; x_wconf 85' lang='lat' dir='ltr'><strong>Africi</strong></span> <span class='ocrx_word' id='word_1_79' title='bbox 1195 1457 1452 1523; x_wconf 89' lang='lat' dir='ltr'><strong>animadvertere</strong></span> 
     </span>
     <span class='ocr_line' id='line_1_14' title="bbox 310 1545 1452 1631; baseline 0.002 -21"><span class='ocrx_word' id='word_1_80' title='bbox 310 1548 401 1630; x_wconf 92' lang='lat' dir='ltr'><strong>licet,</strong></span> <span class='ocrx_word' id='word_1_81' title='bbox 430 1547 516 1631; x_wconf 90' lang='lat' dir='ltr'><strong>quod</strong></span> <span class='ocrx_word' id='word_1_82' title='bbox 543 1546 572 1610; x_wconf 91' lang='lat' dir='ltr'><strong>si</strong></span> <span class='ocrx_word' id='word_1_83' title='bbox 599 1547 746 1611; x_wconf 88' lang='lat' dir='ltr'><strong>versibus</strong></span> <span class='ocrx_word' id='word_1_84' title='bbox 775 1546 989 1631; x_wconf 85' lang='lat' dir='ltr'><strong>compositum</strong></span> <span class='ocrx_word' id='word_1_85' title='bbox 1018 1549 1117 1629; x_wconf 90' lang='lat' dir='ltr'><strong>esset,</strong></span> <span class='ocrx_word' id='word_1_86' title='bbox 1150 1546 1216 1610; x_wconf 91' lang='lat' dir='ltr'><strong>iam</strong></span> <span class='ocrx_word' id='word_1_87' title='bbox 1244 1545 1362 1612; x_wconf 86' lang='lat' dir='ltr'><strong>dudum</strong></span> <span class='ocrx_word' id='word_1_88' title='bbox 1391 1547 1452 1612; x_wconf 93' lang='lat' dir='ltr'><strong>viri</strong></span> 
     </span>
     <span class='ocr_line' id='line_1_15' title="bbox 311 1633 1453 1719; baseline 0.001 -20"><span class='ocrx_word' id='word_1_89' title='bbox 311 1635 399 1701; x_wconf 90' lang='lat' dir='ltr'><strong>docti</strong></span> <span class='ocrx_word' id='word_1_90' title='bbox 421 1637 479 1700; x_wconf 94' lang='lat' dir='ltr'><strong>illa</strong></span> <span class='ocrx_word' id='word_1_91' title='bbox 503 1635 724 1700; x_wconf 86' lang='lat' dir='ltr'><strong>additamenta</strong></span> <span class='ocrx_word' id='word_1_92' title='bbox 751 1637 974 1700; x_wconf 82' lang='lat' dir='ltr'><strong>removissent.</strong></span> <span class='ocrx_word' id='word_1_93' title='bbox 1020 1633 1081 1700; x_wconf 84' lang='lat' dir='ltr'><strong>Sed</strong></span> <span class='ocrx_word' id='word_1_94' title='bbox 1106 1637 1139 1698; x_wconf 89' lang='lat' dir='ltr'><strong>in</strong></span> <span class='ocrx_word' id='word_1_95' title='bbox 1162 1657 1268 1699; x_wconf 92' lang='lat' dir='ltr'><strong>rerum</strong></span> <span class='ocrx_word' id='word_1_96' title='bbox 1296 1637 1453 1719; x_wconf 80' lang='lat' dir='ltr'><strong>scriptore</strong></span> 
     </span>
     <span class='ocr_line' id='line_1_16' title="bbox 310 1723 1450 1808; baseline 0.001 -21"><span class='ocrx_word' id='word_1_97' title='bbox 310 1724 437 1789; x_wconf 86' lang='lat' dir='ltr'><strong>facilius</strong></span> <span class='ocrx_word' id='word_1_98' title='bbox 461 1724 624 1808; x_wconf 87' lang='lat' dir='ltr'><strong>latebant,</strong></span> <span class='ocrx_word' id='word_1_99' title='bbox 648 1725 851 1808; x_wconf 74' lang='lat' dir='ltr'><strong>editoresque</strong></span> <span class='ocrx_word' id='word_1_100' title='bbox 873 1724 923 1788; x_wconf 91' lang='lat' dir='ltr'><strong>ita</strong></span> <span class='ocrx_word' id='word_1_101' title='bbox 941 1723 1170 1788; x_wconf 87' lang='lat' dir='ltr'><strong>conscientiam</strong></span> <span class='ocrx_word' id='word_1_102' title='bbox 1191 1746 1281 1788; x_wconf 91' lang='lat' dir='ltr'><strong>suam</strong></span> <span class='ocrx_word' id='word_1_103' title='bbox 1301 1746 1450 1789; x_wconf 82' lang='lat' dir='ltr'><strong>exonera-</strong></span> 
     </span>
     <span class='ocr_line' id='line_1_17' title="bbox 309 1811 1491 1897; baseline 0 -20"><span class='ocrx_word' id='word_1_104' title='bbox 309 1813 403 1894; x_wconf 87' lang='lat' dir='ltr'><strong>bant,</strong></span> <span class='ocrx_word' id='word_1_105' title='bbox 429 1817 466 1877; x_wconf 92' lang='lat' dir='ltr'><strong>ut</strong></span> <span class='ocrx_word' id='word_1_106' title='bbox 494 1813 570 1876; x_wconf 91' lang='lat' dir='ltr'><strong>libri</strong></span> <span class='ocrx_word' id='word_1_107' title='bbox 594 1817 761 1878; x_wconf 86' lang='lat' dir='ltr'><strong>auctorem</strong></span> <span class='ocrx_word' id='word_1_108' title='bbox 782 1812 880 1877; x_wconf 92' lang='lat' dir='ltr'><strong>nimis</strong></span> <span class='ocrx_word' id='word_1_109' title='bbox 903 1813 1076 1878; x_wconf 92' lang='lat' dir='ltr'><strong>verbosum</strong></span> <span class='ocrx_word' id='word_1_110' title='bbox 1103 1811 1204 1877; x_wconf 89' lang='lat' dir='ltr'><strong>fuisse</strong></span> <span class='ocrx_word' id='word_1_111' title='bbox 1228 1812 1449 1897; x_wconf 83' lang='lat' dir='ltr'><strong>concederent3</strong></span> <span class='ocrx_word' id='word_1_112' title='bbox 1488 1867 1491 1870; x_wconf 96' lang='lat'>.</span> 
     </span>
     <span class='ocr_line' id='line_1_18' title="bbox 310 1901 1449 1987; baseline 0.001 -21"><span class='ocrx_word' id='word_1_113' title='bbox 310 1902 395 1985; x_wconf 90' lang='lat' dir='ltr'><strong>quod</strong></span> <span class='ocrx_word' id='word_1_114' title='bbox 414 1903 521 1987; x_wconf 89' lang='lat' dir='ltr'><strong>ipsum</strong></span> <span class='ocrx_word' id='word_1_115' title='bbox 539 1901 587 1967; x_wconf 88' lang='lat' dir='ltr'><strong>ita</strong></span> <span class='ocrx_word' id='word_1_116' title='bbox 607 1901 822 1987; x_wconf 79' lang='lat' dir='ltr'><strong>explicabant,</strong></span> <span class='ocrx_word' id='word_1_117' title='bbox 840 1904 877 1965; x_wconf 92' lang='lat' dir='ltr'><strong>ut</strong></span> <span class='ocrx_word' id='word_1_118' title='bbox 897 1924 970 1966; x_wconf 91' lang='lat' dir='ltr'><strong>eum</strong></span> <span class='ocrx_word' id='word_1_119' title='bbox 984 1902 1149 1966; x_wconf 90' lang='lat' dir='ltr'><strong>hominem</strong></span> <span class='ocrx_word' id='word_1_120' title='bbox 1169 1901 1269 1966; x_wconf 89' lang='lat' dir='ltr'><strong>fuisse</strong></span> <span class='ocrx_word' id='word_1_121' title='bbox 1287 1902 1449 1986; x_wconf 92' lang='lat' dir='ltr'><strong>plebeium</strong></span> 
     </span>
     <span class='ocr_line' id='line_1_19' title="bbox 310 1990 1449 2077; baseline -0.001 -21"><span class='ocrx_word' id='word_1_122' title='bbox 310 1991 373 2056; x_wconf 83' lang='lat' dir='ltr'><strong>sibi</strong></span> <span class='ocrx_word' id='word_1_123' title='bbox 397 1991 558 2077; x_wconf 90' lang='lat' dir='ltr'><strong>fingerent</strong></span> <span class='ocrx_word' id='word_1_124' title='bbox 586 1991 724 2076; x_wconf 88' lang='lat' dir='ltr'><strong>aliisque</strong></span> <span class='ocrx_word' id='word_1_125' title='bbox 751 1991 991 2075; x_wconf 87' lang='lat' dir='ltr'><strong>persuaderent.</strong></span> <span class='ocrx_word' id='word_1_126' title='bbox 1036 1990 1223 2056; x_wconf 88' lang='lat' dir='ltr'><strong>Inciderunt</strong></span> <span class='ocrx_word' id='word_1_127' title='bbox 1250 1990 1391 2055; x_wconf 85' lang='lat' dir='ltr'><strong>fortasse</strong></span> <span class='ocrx_word' id='word_1_128' title='bbox 1414 1991 1449 2056; x_wconf 92' lang='lat' dir='ltr'><strong>in</strong></span> 
     </span>
     <span class='ocr_line' id='line_1_20' title="bbox 311 2079 1450 2164; baseline 0.002 -22"><span class='ocrx_word' id='word_1_129' title='bbox 311 2079 396 2144; x_wconf 92' lang='lat' dir='ltr'><strong>hunc</strong></span> <span class='ocrx_word' id='word_1_130' title='bbox 420 2102 575 2162; x_wconf 89' lang='lat' dir='ltr'><strong>errorem,</strong></span> <span class='ocrx_word' id='word_1_131' title='bbox 600 2080 676 2164; x_wconf 90' lang='lat' dir='ltr'><strong>quia</strong></span> <span class='ocrx_word' id='word_1_132' title='bbox 699 2080 823 2144; x_wconf 89' lang='lat' dir='ltr'><strong>bellum</strong></span> <span class='ocrx_word' id='word_1_133' title='bbox 842 2079 1059 2164; x_wconf 87' lang='lat' dir='ltr'><strong>Hispaniense</strong></span> <span class='ocrx_word' id='word_1_134' title='bbox 1079 2080 1119 2144; x_wconf 90' lang='lat' dir='ltr'><strong>ab</strong></span> <span class='ocrx_word' id='word_1_135' title='bbox 1143 2079 1299 2144; x_wconf 90' lang='lat' dir='ltr'><strong>eiusmodi</strong></span> <span class='ocrx_word' id='word_1_136' title='bbox 1319 2079 1450 2145; x_wconf 92' lang='lat' dir='ltr'><strong>homine</strong></span> 
     </span>
     <span class='ocr_line' id='line_1_21' title="bbox 313 2168 1453 2254; baseline 0.001 -22"><span class='ocrx_word' id='word_1_137' title='bbox 313 2170 529 2254; x_wconf 88' lang='lat' dir='ltr'><strong>conscriptum</strong></span> <span class='ocrx_word' id='word_1_138' title='bbox 554 2190 624 2233; x_wconf 87' lang='lat' dir='ltr'><strong>esse</strong></span> <span class='ocrx_word' id='word_1_139' title='bbox 647 2168 813 2254; x_wconf 89' lang='lat' dir='ltr'><strong>videbant,</strong></span> <span class='ocrx_word' id='word_1_140' title='bbox 837 2172 993 2252; x_wconf 90' lang='lat' dir='ltr'><strong>quantum</strong></span> <span class='ocrx_word' id='word_1_141' title='bbox 1017 2173 1124 2233; x_wconf 90' lang='lat' dir='ltr'><strong>autem</strong></span> <span class='ocrx_word' id='word_1_142' title='bbox 1147 2169 1320 2232; x_wconf 88' lang='lat' dir='ltr'><strong>interesset</strong></span> <span class='ocrx_word' id='word_1_143' title='bbox 1342 2169 1453 2233; x_wconf 90' lang='lat' dir='ltr'><strong>discri-</strong></span> 
     </span>
     <span class='ocr_line' id='line_1_22' title="bbox 308 2257 1449 2342; baseline 0.002 -22"><span class='ocrx_word' id='word_1_144' title='bbox 308 2257 405 2322; x_wconf 86' lang='lat' dir='ltr'><strong>minis</strong></span> <span class='ocrx_word' id='word_1_145' title='bbox 428 2280 495 2322; x_wconf 89' lang='grc'><strong>11011</strong></span> <span class='ocrx_word' id='word_1_146' title='bbox 523 2259 602 2322; x_wconf 85' lang='grc'><strong>00110</strong></span> <span class='ocrx_word' id='word_1_147' title='bbox 630 2257 879 2342; x_wconf 89' lang='lat' dir='ltr'><strong>perspiciebant.</strong></span> <span class='ocrx_word' id='word_1_148' title='bbox 924 2257 1072 2321; x_wconf 82' lang='lat' dir='ltr'><strong>Eundem</strong></span> <span class='ocrx_word' id='word_1_149' title='bbox 1101 2257 1235 2340; x_wconf 91' lang='lat' dir='ltr'><strong>denique</strong></span> <span class='ocrx_word' id='word_1_150' title='bbox 1260 2258 1449 2342; x_wconf 87' lang='lat' dir='ltr'><strong>scriptorem</strong></span> 
     </span>
     <span class='ocr_line' id='line_1_23' title="bbox 307 2345 1448 2431; baseline 0.003 -22"><span class='ocrx_word' id='word_1_151' title='bbox 307 2346 341 2409; x_wconf 95' lang='lat' dir='ltr'><strong>in</strong></span> <span class='ocrx_word' id='word_1_152' title='bbox 370 2346 445 2411; x_wconf 89' lang='lat' dir='ltr'><strong>aliis</strong></span> <span class='ocrx_word' id='word_1_153' title='bbox 473 2346 641 2430; x_wconf 89' lang='lat' dir='ltr'><strong>pueriliter</strong></span> <span class='ocrx_word' id='word_1_154' title='bbox 668 2347 806 2431; x_wconf 83' lang='lat' dir='ltr'><strong>garrire,</strong></span> <span class='ocrx_word' id='word_1_155' title='bbox 832 2347 867 2409; x_wconf 92' lang='lat' dir='ltr'><strong>in</strong></span> <span class='ocrx_word' id='word_1_156' title='bbox 895 2346 968 2411; x_wconf 89' lang='lat' dir='ltr'><strong>aliis</strong></span> <span class='ocrx_word' id='word_1_157' title='bbox 997 2345 1115 2410; x_wconf 90' lang='lat' dir='ltr'><strong>summi</strong></span> <span class='ocrx_word' id='word_1_158' title='bbox 1143 2347 1281 2412; x_wconf 90' lang='lat' dir='ltr'><strong>oratoris</strong></span> <span class='ocrx_word' id='word_1_159' title='bbox 1313 2348 1448 2412; x_wconf 89' lang='lat' dir='ltr'><strong>virtutes</strong></span> 
     </span>
     <span class='ocr_line' id='line_1_24' title="bbox 310 2435 1351 2521; baseline 0.003 -23"><span class='ocrx_word' id='word_1_160' title='bbox 310 2456 387 2519; x_wconf 90' lang='lat' dir='ltr'><strong>prae</strong></span> <span class='ocrx_word' id='word_1_161' title='bbox 411 2457 445 2500; x_wconf 97' lang='grc'><strong>00</strong></span> <span class='ocrx_word' id='word_1_162' title='bbox 468 2436 565 2520; x_wconf 89' lang='lat' dir='ltr'><strong>lerre,</strong></span> <span class='ocrx_word' id='word_1_163' title='bbox 587 2436 706 2500; x_wconf 92' lang='lat' dir='ltr'><strong>nemini</strong></span> <span class='ocrx_word' id='word_1_164' title='bbox 732 2457 841 2500; x_wconf 91' lang='lat' dir='ltr'><strong>secum</strong></span> <span class='ocrx_word' id='word_1_165' title='bbox 864 2435 970 2518; x_wconf 89' lang='lat' dir='ltr'><strong>ipsum</strong></span> <span class='ocrx_word' id='word_1_166' title='bbox 993 2457 1140 2521; x_wconf 90' lang='lat' dir='ltr'><strong>pugnare</strong></span> <span class='ocrx_word' id='word_1_167' title='bbox 1163 2435 1268 2499; x_wconf 87' lang='lat' dir='ltr'><strong>visum</strong></span> <span class='ocrx_word' id='word_1_168' title='bbox 1293 2443 1351 2501; x_wconf 88' lang='lat' dir='ltr'><strong>est.</strong></span> 
     </span>
    </p>

    <p class='ocr_par' dir='ltr' id='par_1_9' title="bbox 304 2521 1450 3479">
     <span class='ocr_line' id='line_1_25' title="bbox 397 2521 1448 2609; baseline -0.001 -20"><span class='ocrx_word' id='word_1_169' title='bbox 397 2521 601 2609; x_wconf 82' lang='lat' dir='ltr'><strong>Quamquam</strong></span> <span class='ocrx_word' id='word_1_170' title='bbox 633 2524 864 2590; x_wconf 88' lang='lat' dir='ltr'><strong>molestissima</strong></span> <span class='ocrx_word' id='word_1_171' title='bbox 896 2545 1043 2609; x_wconf 89' lang='lat' dir='ltr'><strong>quaeque</strong></span> <span class='ocrx_word' id='word_1_172' title='bbox 1074 2528 1107 2587; x_wconf 93' lang='lat' dir='ltr'><strong>et</strong></span> <span class='ocrx_word' id='word_1_173' title='bbox 1135 2524 1276 2588; x_wconf 82' lang='lat' dir='ltr'><strong>maxime</strong></span> <span class='ocrx_word' id='word_1_174' title='bbox 1309 2524 1448 2589; x_wconf 89' lang='lat' dir='ltr'><strong>absurda</strong></span> 
     </span>
     <span class='ocr_line' id='line_1_26' title="bbox 307 2611 1448 2699; baseline 0.001 -22"><span class='ocrx_word' id='word_1_175' title='bbox 307 2613 372 2677; x_wconf 89' lang='lat' dir='ltr'><strong>iam</strong></span> <span class='ocrx_word' id='word_1_176' title='bbox 396 2611 627 2699; x_wconf 88' lang='lat' dir='ltr'><strong>Nipperdeius‚</strong></span> <span class='ocrx_word' id='word_1_177' title='bbox 655 2613 772 2697; x_wconf 91' lang='lat' dir='ltr'><strong>quique</strong></span> <span class='ocrx_word' id='word_1_178' title='bbox 801 2617 876 2677; x_wconf 90' lang='lat' dir='ltr'><strong>ante</strong></span> <span class='ocrx_word' id='word_1_179' title='bbox 900 2635 973 2677; x_wconf 92' lang='lat' dir='ltr'><strong>eum</strong></span> <span class='ocrx_word' id='word_1_180' title='bbox 997 2613 1266 2678; x_wconf 89' lang='lat' dir='ltr'><strong>commentarium</strong></span> <span class='ocrx_word' id='word_1_181' title='bbox 1291 2614 1448 2678; x_wconf 91' lang='lat' dir='ltr'><strong>edendum</strong></span> 
     </span>
     <span class='ocr_line' id='line_1_27' title="bbox 307 2702 1450 2788; baseline 0 -22"><span class='ocrx_word' id='word_1_182' title='bbox 307 2705 511 2787; x_wconf 80' lang='lat' dir='ltr'><strong>curaverant,</strong></span> <span class='ocrx_word' id='word_1_183' title='bbox 535 2702 1151 2788; x_wconf 75' lang='grc' dir='ltr'><strong>01010111100000111101101010111ςο111110</strong></span> <span class='ocrx_word' id='word_1_184' title='bbox 1176 2703 1303 2786; x_wconf 86' lang='lat' dir='ltr'><strong>generis</strong></span> <span class='ocrx_word' id='word_1_185' title='bbox 1327 2703 1450 2787; x_wconf 89' lang='lat' dir='ltr'><strong>glosse-</strong></span> 
     </span>
     <span class='ocr_line' id='line_1_28' title="bbox 307 2791 1450 2876; baseline -0.001 -21"><span class='ocrx_word' id='word_1_186' title='bbox 307 2794 411 2875; x_wconf 88' lang='lat' dir='ltr'><strong>mata,</strong></span> <span class='ocrx_word' id='word_1_187' title='bbox 435 2792 463 2854; x_wconf 88' lang='lat' dir='ltr'><strong>si</strong></span> <span class='ocrx_word' id='word_1_188' title='bbox 486 2795 573 2856; x_wconf 89' lang='lat' dir='ltr'><strong>recte</strong></span> <span class='ocrx_word' id='word_1_189' title='bbox 592 2792 791 2875; x_wconf 88' lang='lat' dir='ltr'><strong>computavi,</strong></span> <span class='ocrx_word' id='word_1_190' title='bbox 815 2792 934 2876; x_wconf 90' lang='lat' dir='ltr'><strong>viginti</strong></span> <span class='ocrx_word' id='word_1_191' title='bbox 952 2791 1020 2856; x_wconf 83' lang='lat' dir='ltr'><strong>fere</strong></span> <span class='ocrx_word' id='word_1_192' title='bbox 1040 2791 1286 2876; x_wconf 86' lang='lat' dir='ltr'><strong>deprehendisse</strong></span> <span class='ocrx_word' id='word_1_193' title='bbox 1306 2791 1368 2855; x_wconf 92' lang='lat' dir='ltr'><strong>sibi</strong></span> <span class='ocrx_word' id='word_1_194' title='bbox 1386 2792 1450 2857; x_wconf 90' lang='lat' dir='ltr'><strong>visi</strong></span> 
     </span>
     <span class='ocr_line' id='line_1_29' title="bbox 307 2877 1448 2966; baseline 0.001 -23"><span class='ocrx_word' id='word_1_195' title='bbox 307 2883 390 2944; x_wconf 89' lang='lat' dir='ltr'><strong>sunt.</strong></span> <span class='ocrx_word' id='word_1_196' title='bbox 436 2877 497 2944; x_wconf 82' lang='lat' dir='ltr'><strong>Sed</strong></span> <span class='ocrx_word' id='word_1_197' title='bbox 521 2881 644 2944; x_wconf 88' lang='lat' dir='ltr'><strong>frustra</strong></span> <span class='ocrx_word' id='word_1_198' title='bbox 666 2879 891 2946; x_wconf 84' lang='lat' dir='ltr'><strong>Froehlichius</strong></span> <span class='ocrx_word' id='word_1_199' title='bbox 915 2902 967 2966; x_wconf 85' lang='lat' dir='ltr'><strong>pg.</strong></span> <span class='ocrx_word' id='word_1_200' title='bbox 988 2881 1030 2946; x_wconf 88' lang='grc'><strong>63</strong></span> <span class='ocrx_word' id='word_1_201' title='bbox 1054 2880 1088 2943; x_wconf 93' lang='lat' dir='ltr'><strong>in</strong></span> <span class='ocrx_word' id='word_1_202' title='bbox 1111 2880 1162 2944; x_wconf 89' lang='lat' dir='ltr'><strong>his</strong></span> <span class='ocrx_word' id='word_1_203' title='bbox 1185 2902 1250 2944; x_wconf 94' lang='lat' dir='ltr'><strong>non</strong></span> <span class='ocrx_word' id='word_1_204' title='bbox 1274 2880 1448 2944; x_wconf 86' lang='lat' dir='ltr'><strong>subsisten-</strong></span> 
     </span>
     <span class='ocr_line' id='line_1_30' title="bbox 306 2969 1447 3054; baseline 0.002 -22"><span class='ocrx_word' id='word_1_205' title='bbox 306 2969 382 3032; x_wconf 90' lang='lat' dir='ltr'><strong>dum</strong></span> <span class='ocrx_word' id='word_1_206' title='bbox 415 2989 485 3033; x_wconf 92' lang='lat' dir='ltr'><strong>esse</strong></span> <span class='ocrx_word' id='word_1_207' title='bbox 518 2970 659 3054; x_wconf 71' lang='lat' dir='ltr'><strong>monuit,</strong></span> <span class='ocrx_word' id='word_1_208' title='bbox 695 2970 857 3034; x_wconf 91' lang='lat' dir='ltr'><strong>neminem</strong></span> <span class='ocrx_word' id='word_1_209' title='bbox 890 2970 976 3033; x_wconf 90' lang='lat' dir='ltr'><strong>enim</strong></span> <span class='ocrx_word' id='word_1_210' title='bbox 1008 2970 1145 3054; x_wconf 91' lang='lat' dir='ltr'><strong>invenit,</strong></span> <span class='ocrx_word' id='word_1_211' title='bbox 1177 2969 1232 3052; x_wconf 89' lang='lat' dir='ltr'><strong>qui</strong></span> <span class='ocrx_word' id='word_1_212' title='bbox 1266 2969 1447 3054; x_wconf 84' lang='lat' dir='ltr'><strong>exemplum</strong></span> 
     </span>
     <span class='ocr_line' id='line_1_31' title="bbox 307 3058 1446 3142; baseline -0.002 -20"><span class='ocrx_word' id='word_1_213' title='bbox 307 3079 400 3122; x_wconf 88' lang='lat' dir='ltr'><strong>suum</strong></span> <span class='ocrx_word' id='word_1_214' title='bbox 424 3058 587 3142; x_wconf 89' lang='lat' dir='ltr'><strong>probaret.</strong></span> <span class='ocrx_word' id='word_1_215' title='bbox 633 3058 757 3133; x_wconf 86' lang='lat' dir='ltr'><strong>Quodsi</strong></span> <span class='ocrx_word' id='word_1_216' title='bbox 783 3058 817 3122; x_wconf 93' lang='lat' dir='ltr'><strong>in</strong></span> <span class='ocrx_word' id='word_1_217' title='bbox 844 3061 958 3123; x_wconf 91' lang='lat' dir='ltr'><strong>nostra</strong></span> <span class='ocrx_word' id='word_1_218' title='bbox 986 3058 1128 3122; x_wconf 92' lang='lat' dir='ltr'><strong>editione</strong></span> <span class='ocrx_word' id='word_1_219' title='bbox 1155 3079 1256 3142; x_wconf 93' lang='lat' dir='ltr'><strong>prope</strong></span> <span class='ocrx_word' id='word_1_220' title='bbox 1284 3062 1446 3122; x_wconf 89' lang='grc'><strong>1100011100</strong></span> 
     </span>
     <span class='ocr_line' id='line_1_32' title="bbox 307 3146 1445 3231; baseline 0 -21"><span class='ocrx_word' id='word_1_221' title='bbox 307 3146 451 3210; x_wconf 89' lang='lat' dir='ltr'><strong>invenies</strong></span> <span class='ocrx_word' id='word_1_222' title='bbox 486 3147 756 3230; x_wconf 89' lang='lat' dir='ltr'><strong>interpolationes</strong></span> <span class='ocrx_word' id='word_1_223' title='bbox 791 3149 882 3211; x_wconf 89' lang='lat' dir='ltr'><strong>uncie</strong></span> <span class='ocrx_word' id='word_1_224' title='bbox 920 3147 1076 3231; x_wconf 89' lang='lat' dir='ltr'><strong>inclusas,</strong></span> <span class='ocrx_word' id='word_1_225' title='bbox 1107 3168 1211 3230; x_wconf 88' lang='lat' dir='ltr'><strong>neque</strong></span> <span class='ocrx_word' id='word_1_226' title='bbox 1243 3167 1355 3211; x_wconf 90' lang='lat' dir='ltr'><strong>omnes</strong></span> <span class='ocrx_word' id='word_1_227' title='bbox 1386 3168 1445 3211; x_wconf 91' lang='lat' dir='ltr'><strong>nos</strong></span> 
     </span>
     <span class='ocr_line' id='line_1_33' title="bbox 306 3235 1447 3320; baseline 0.001 -22"><span class='ocrx_word' id='word_1_228' title='bbox 306 3235 479 3320; x_wconf 86' lang='lat' dir='ltr'><strong>indagasse</strong></span> <span class='ocrx_word' id='word_1_229' title='bbox 503 3236 704 3301; x_wconf 87' lang='lat' dir='ltr'><strong>affirmamus</strong></span> <span class='ocrx_word' id='word_1_230' title='bbox 727 3258 786 3301; x_wconf 91' lang='lat' dir='ltr'><strong>nec</strong></span> <span class='ocrx_word' id='word_1_231' title='bbox 805 3237 858 3302; x_wconf 94' lang='lat' dir='ltr'><strong>hic</strong></span> <span class='ocrx_word' id='word_1_232' title='bbox 881 3237 948 3301; x_wconf 91' lang='lat' dir='ltr'><strong>illic</strong></span> <span class='ocrx_word' id='word_1_233' title='bbox 966 3259 1025 3302; x_wconf 92' lang='lat' dir='ltr'><strong>nos</strong></span> <span class='ocrx_word' id='word_1_234' title='bbox 1044 3236 1131 3300; x_wconf 89' lang='lat' dir='ltr'><strong>iusto</strong></span> <span class='ocrx_word' id='word_1_235' title='bbox 1152 3235 1328 3301; x_wconf 88' lang='lat' dir='ltr'><strong>severiores</strong></span> <span class='ocrx_word' id='word_1_236' title='bbox 1347 3235 1447 3300; x_wconf 86' lang='lat' dir='ltr'><strong>fuisse</strong></span> 
     </span>
     <span class='ocr_line' id='line_1_34' title="bbox 304 3324 1447 3410; baseline 0.002 -23"><span class='ocrx_word' id='word_1_237' title='bbox 304 3345 475 3410; x_wconf 80' lang='lat' dir='ltr'><strong>negamus3</strong></span> <span class='ocrx_word' id='word_1_238' title='bbox 506 3325 560 3389; x_wconf 90' lang='lat' dir='ltr'><strong>sed</strong></span> <span class='ocrx_word' id='word_1_239' title='bbox 591 3327 744 3409; x_wconf 90' lang='lat' dir='ltr'><strong>quoniam</strong></span> <span class='ocrx_word' id='word_1_240' title='bbox 772 3348 890 3391; x_wconf 92' lang='lat' dir='ltr'><strong>novam</strong></span> <span class='ocrx_word' id='word_1_241' title='bbox 918 3325 1005 3389; x_wconf 89' lang='lat' dir='ltr'><strong>viam</strong></span> <span class='ocrx_word' id='word_1_242' title='bbox 1034 3324 1245 3409; x_wconf 89' lang='lat' dir='ltr'><strong>praeivimus,</strong></span> <span class='ocrx_word' id='word_1_243' title='bbox 1275 3325 1369 3389; x_wconf 91' lang='lat' dir='ltr'><strong>huius</strong></span> <span class='ocrx_word' id='word_1_244' title='bbox 1400 3325 1447 3389; x_wconf 89' lang='lat' dir='ltr'><strong>rei</strong></span> 
     </span>
     <span class='ocr_line' id='line_1_35' title="bbox 304 3414 960 3479; baseline 0.003 -2"><span class='ocrx_word' id='word_1_245' title='bbox 304 3414 465 3478; x_wconf 88' lang='lat' dir='ltr'><strong>rationem</strong></span> <span class='ocrx_word' id='word_1_246' title='bbox 489 3415 684 3479; x_wconf 90' lang='lat' dir='ltr'><strong>reddendam</strong></span> <span class='ocrx_word' id='word_1_247' title='bbox 707 3435 777 3479; x_wconf 90' lang='lat' dir='ltr'><strong>esse</strong></span> <span class='ocrx_word' id='word_1_248' title='bbox 801 3415 960 3479; x_wconf 85' lang='lat' dir='ltr'><strong>duximus.</strong></span> 
     </span>
    </p>

    <p class='ocr_par' dir='ltr' id='par_1_10' title="bbox 306 3501 1447 3856">
     <span class='ocr_line' id='line_1_36' title="bbox 393 3501 1446 3587; baseline 0 -21"><span class='ocrx_word' id='word_1_249' title='bbox 393 3503 443 3568; x_wconf 82' lang='lat' dir='ltr'><strong>Ac</strong></span> <span class='ocrx_word' id='word_1_250' title='bbox 467 3503 555 3587; x_wconf 83' lang='lat'><strong>51,5</strong></span> <span class='ocrx_word' id='word_1_251' title='bbox 579 3504 705 3587; x_wconf 90' lang='lat' dir='ltr'><strong>quidem</strong></span> <span class='ocrx_word' id='word_1_252' title='bbox 730 3503 834 3587; x_wconf 78' lang='lat' dir='ltr'><strong>(putei</strong></span> <span class='ocrx_word' id='word_1_253' title='bbox 852 3503 997 3568; x_wconf 77' lang='grc'><strong>1101010111</strong></span> <span class='ocrx_word' id='word_1_254' title='bbox 1015 3502 1085 3566; x_wconf 89' lang='lat' dir='ltr'><strong>fieri</strong></span> <span class='ocrx_word' id='word_1_255' title='bbox 1104 3502 1262 3584; x_wconf 77' lang='lat' dir='ltr'><strong>conplures</strong></span> <span class='ocrx_word' id='word_1_256' title='bbox 1279 3501 1446 3586; x_wconf 88' lang='lat' dir='ltr'><strong>poterant)</strong></span> 
     </span>
     <span class='ocr_line' id='line_1_37' title="bbox 306 3591 1447 3676; baseline -0.001 -21"><span class='ocrx_word' id='word_1_257' title='bbox 306 3591 469 3676; x_wconf 86' lang='lat' dir='ltr'><strong>glossema</strong></span> <span class='ocrx_word' id='word_1_258' title='bbox 499 3591 709 3656; x_wconf 88' lang='lat' dir='ltr'><strong>manifestum</strong></span> <span class='ocrx_word' id='word_1_259' title='bbox 739 3597 822 3676; x_wconf 82' lang='lat' dir='ltr'><strong>erat3</strong></span> <span class='ocrx_word' id='word_1_260' title='bbox 853 3597 961 3656; x_wconf 92' lang='lat' dir='ltr'><strong>utrum</strong></span> <span class='ocrx_word' id='word_1_261' title='bbox 994 3593 1125 3655; x_wconf 91' lang='lat' dir='ltr'><strong>verbum</strong></span> <span class='ocrx_word' id='word_1_262' title='bbox 1155 3591 1324 3655; x_wconf 88' lang='lat' dir='ltr'><strong>delendum</strong></span> <span class='ocrx_word' id='word_1_263' title='bbox 1352 3594 1447 3670; x_wconf 90' lang='lat' dir='ltr'><strong>esset,</strong></span> 
     </span>
     <span class='ocr_line' id='line_1_38' title="bbox 307 3680 1446 3765; baseline 0.001 -22"><span class='ocrx_word' id='word_1_264' title='bbox 307 3680 449 3745; x_wconf 88' lang='lat' dir='ltr'><strong>dubitari</strong></span> <span class='ocrx_word' id='word_1_265' title='bbox 472 3685 613 3765; x_wconf 88' lang='lat' dir='ltr'><strong>poterat:</strong></span> <span class='ocrx_word' id='word_1_266' title='bbox 638 3681 693 3745; x_wconf 90' lang='lat' dir='ltr'><strong>sed</strong></span> <span class='ocrx_word' id='word_1_267' title='bbox 717 3687 803 3745; x_wconf 88' lang='lat' dir='ltr'><strong>recte</strong></span> <span class='ocrx_word' id='word_1_268' title='bbox 826 3681 860 3744; x_wconf 92' lang='lat' dir='ltr'><strong>in</strong></span> <span class='ocrx_word' id='word_1_269' title='bbox 882 3680 909 3744; x_wconf 88' lang='lat' dir='ltr'>L</span> <span class='ocrx_word' id='word_1_270' title='bbox 932 3681 1080 3746; x_wconf 91' lang='lat' dir='ltr'><strong>nonnulli</strong></span> <span class='ocrx_word' id='word_1_271' title='bbox 1104 3680 1260 3746; x_wconf 89' lang='lat' dir='ltr'><strong>omissum</strong></span> <span class='ocrx_word' id='word_1_272' title='bbox 1284 3684 1346 3765; x_wconf 87' lang='lat' dir='ltr'><strong>est,</strong></span> <span class='ocrx_word' id='word_1_273' title='bbox 1371 3681 1446 3765; x_wconf 90' lang='lat' dir='ltr'><strong>quia</strong></span> 
     </span>
     <span class='ocr_line' id='line_1_39' title="bbox 307 3766 1446 3856; baseline 0.001 -24"><span class='ocrx_word' id='word_1_274' title='bbox 307 3766 509 3853; x_wconf 76' lang='lat' dir='ltr'><strong>‘conplures&#39;</strong></span> <span class='ocrx_word' id='word_1_275' title='bbox 532 3773 647 3854; x_wconf 89' lang='lat' dir='ltr'><strong>utpote</strong></span> <span class='ocrx_word' id='word_1_276' title='bbox 671 3771 804 3834; x_wconf 90' lang='lat' dir='ltr'><strong>verbum</strong></span> <span class='ocrx_word' id='word_1_277' title='bbox 829 3769 1017 3855; x_wconf 90' lang='lat' dir='ltr'><strong>ambiguum</strong></span> <span class='ocrx_word' id='word_1_278' title='bbox 1043 3771 1142 3856; x_wconf 77' lang='grc' dir='ltr'>(ἔνιοι</span> <span class='ocrx_word' id='word_1_279' title='bbox 1164 3805 1208 3815; x_wconf 92' lang='lat'><em>-</em></span> <span class='ocrx_word' id='word_1_280' title='bbox 1231 3768 1267 3834; x_wconf 79' lang='lat' dir='ltr'><strong>oc</strong></span> <span class='ocrx_word' id='word_1_281' title='bbox 1287 3772 1446 3854; x_wconf 80' lang='grc' dir='ltr'><strong><em>πλείονες,</em></strong></span> 
     </span>
    </p>
   </div>
   <div class='ocr_carea' id='block_1_3' title="bbox 301 3857 1447 4480">
    <p class='ocr_par' dir='ltr' id='par_1_11' title="bbox 301 3857 1447 4370">
     <span class='ocr_line' id='line_1_40' title="bbox 305 3857 1446 3945; baseline 0 -24"><span class='ocrx_word' id='word_1_282' title='bbox 305 3857 343 3922; x_wconf 83' lang='grc'><strong>01.</strong></span> <span class='ocrx_word' id='word_1_283' title='bbox 374 3858 414 3922; x_wconf 91' lang='lat' dir='ltr'><strong>ad</strong></span> <span class='ocrx_word' id='word_1_284' title='bbox 444 3858 500 3941; x_wconf 87' lang='lat'><strong>19,</strong></span> <span class='ocrx_word' id='word_1_285' title='bbox 525 3857 558 3945; x_wconf 86' lang='lat'><strong>1)</strong></span> <span class='ocrx_word' id='word_1_286' title='bbox 590 3859 859 3942; x_wconf 85' lang='lat' dir='ltr'><strong>interpretatione</strong></span> <span class='ocrx_word' id='word_1_287' title='bbox 890 3859 1067 3943; x_wconf 87' lang='lat' dir='ltr'><strong>indigebat.</strong></span> <span class='ocrx_word' id='word_1_288' title='bbox 1123 3858 1317 3922; x_wconf 87' lang='lat' dir='ltr'><strong>Huiusmodi</strong></span> <span class='ocrx_word' id='word_1_289' title='bbox 1334 3859 1446 3922; x_wconf 90' lang='lat' dir='ltr'><strong>-inter-</strong></span> 
     </span>
     <span class='ocr_line' id='line_1_41' title="bbox 303 3947 1446 4033; baseline -0.001 -22"><span class='ocrx_word' id='word_1_290' title='bbox 303 3950 510 4031; x_wconf 89' lang='lat' dir='ltr'><strong>pretamenta</strong></span> <span class='ocrx_word' id='word_1_291' title='bbox 538 3969 576 4012; x_wconf 83' lang='lat' dir='ltr'><strong>ex</strong></span> <span class='ocrx_word' id='word_1_292' title='bbox 605 3948 787 4013; x_wconf 88' lang='lat' dir='ltr'><strong>coniectura</strong></span> <span class='ocrx_word' id='word_1_293' title='bbox 815 3948 1011 4033; x_wconf 85' lang='lat' dir='ltr'><strong>investigare</strong></span> <span class='ocrx_word' id='word_1_294' title='bbox 1039 3971 1091 4012; x_wconf 88' lang='lat' dir='ltr'><strong>res</strong></span> <span class='ocrx_word' id='word_1_295' title='bbox 1119 3952 1170 4011; x_wconf 90' lang='lat' dir='ltr'><strong>est</strong></span> <span class='ocrx_word' id='word_1_296' title='bbox 1199 3947 1336 4031; x_wconf 88' lang='lat' dir='ltr'><strong>lubrica,</strong></span> <span class='ocrx_word' id='word_1_297' title='bbox 1370 3947 1446 4031; x_wconf 90' lang='lat' dir='ltr'><strong>quia</strong></span> 
     </span>
     <span class='ocr_line' id='line_1_42' title="bbox 303 4036 1447 4122; baseline 0.001 -24"><span class='ocrx_word' id='word_1_298' title='bbox 303 4058 370 4099; x_wconf 92' lang='lat' dir='ltr'><strong>non</strong></span> <span class='ocrx_word' id='word_1_299' title='bbox 393 4037 517 4121; x_wconf 88' lang='lat' dir='ltr'><strong>omnia,</strong></span> <span class='ocrx_word' id='word_1_300' title='bbox 541 4059 622 4121; x_wconf 89' lang='lat' dir='ltr'><strong>quae</strong></span> <span class='ocrx_word' id='word_1_301' title='bbox 647 4036 828 4122; x_wconf 86' lang='lat' dir='ltr'><strong>abundant,</strong></span> <span class='ocrx_word' id='word_1_302' title='bbox 851 4038 963 4121; x_wconf 91' lang='lat' dir='ltr'><strong>utique</strong></span> <span class='ocrx_word' id='word_1_303' title='bbox 983 4036 1119 4101; x_wconf 90' lang='lat' dir='ltr'><strong>delenda</strong></span> <span class='ocrx_word' id='word_1_304' title='bbox 1137 4040 1228 4119; x_wconf 80' lang='lat' dir='ltr'><strong>sunt3</strong></span> <span class='ocrx_word' id='word_1_305' title='bbox 1251 4036 1370 4100; x_wconf 92' lang='lat' dir='ltr'><strong>tutiore</strong></span> <span class='ocrx_word' id='word_1_306' title='bbox 1393 4037 1447 4100; x_wconf 90' lang='lat' dir='ltr'><strong>via</strong></span> 
     </span>
     <span class='ocr_line' id='line_1_43' title="bbox 302 4124 1444 4211; baseline 0.001 -24"><span class='ocrx_word' id='word_1_307' title='bbox 302 4125 520 4209; x_wconf 90' lang='lat' dir='ltr'><strong>ingrediemur</strong></span> <span class='ocrx_word' id='word_1_308' title='bbox 547 4125 692 4191; x_wconf 91' lang='lat' dir='ltr'><strong>codicum</strong></span> <span class='ocrx_word' id='word_1_309' title='bbox 719 4125 795 4191; x_wconf 91' lang='lat' dir='ltr'><strong>freti</strong></span> <span class='ocrx_word' id='word_1_310' title='bbox 823 4126 1032 4211; x_wconf 74' lang='lat' dir='ltr'><strong>auctoritate,</strong></span> <span class='ocrx_word' id='word_1_311' title='bbox 1060 4147 1124 4210; x_wconf 89' lang='lat' dir='ltr'><strong>quo</strong></span> <span class='ocrx_word' id='word_1_312' title='bbox 1153 4124 1238 4190; x_wconf 87' lang='lat' dir='ltr'><strong>enim</strong></span> <span class='ocrx_word' id='word_1_313' title='bbox 1262 4124 1444 4208; x_wconf 90' lang='lat' dir='ltr'><strong>antiquiore</strong></span> 
     </span>
     <span class='ocr_line' id='line_1_44' title="bbox 302 4212 1445 4302; baseline 0.002 -26"><span class='ocrx_word' id='word_1_314' title='bbox 302 4213 426 4278; x_wconf 90' lang='lat' dir='ltr'><strong>utimur</strong></span> <span class='ocrx_word' id='word_1_315' title='bbox 449 4214 571 4299; x_wconf 88' lang='lat' dir='ltr'><strong>codiee,</strong></span> <span class='ocrx_word' id='word_1_316' title='bbox 594 4237 632 4280; x_wconf 92' lang='lat' dir='ltr'><strong>eo</strong></span> <span class='ocrx_word' id='word_1_317' title='bbox 657 4215 782 4281; x_wconf 88' lang='lat' dir='ltr'><strong>rariora</strong></span> <span class='ocrx_word' id='word_1_318' title='bbox 801 4220 896 4281; x_wconf 92' lang='lat' dir='ltr'><strong>erunt</strong></span> <span class='ocrx_word' id='word_1_319' title='bbox 919 4216 1127 4302; x_wconf 86' lang='lat' dir='ltr'><strong>glossemata.</strong></span> <span class='ocrx_word' id='word_1_320' title='bbox 1164 4212 1280 4297; x_wconf 91' lang='lat' dir='ltr'><strong>Itaque</strong></span> <span class='ocrx_word' id='word_1_321' title='bbox 1304 4215 1445 4297; x_wconf 92' lang='lat' dir='ltr'><strong>primum</strong></span> 
     </span>
     <span class='ocr_line' id='line_1_45' title="bbox 301 4301 725 4370; baseline 0.007 -4"><span class='ocrx_word' id='word_1_322' title='bbox 301 4301 467 4368; x_wconf 86' lang='lat' dir='ltr'><strong>videamus</strong></span> <span class='ocrx_word' id='word_1_323' title='bbox 491 4304 529 4367; x_wconf 91' lang='lat' dir='ltr'><strong>de</strong></span> <span class='ocrx_word' id='word_1_324' title='bbox 553 4304 661 4370; x_wconf 90' lang='lat' dir='ltr'><strong>codice</strong></span> <span class='ocrx_word' id='word_1_325' title='bbox 685 4304 725 4369; x_wconf 89' lang='lat' dir='ltr'><strong>A.</strong></span> 
     </span>
    </p>

    <p class='ocr_par' dir='ltr' id='par_1_12' title="bbox 394 4391 1444 4480">
     <span class='ocr_line' id='line_1_46' title="bbox 394 4391 1444 4480; baseline 0.001 -25"><span class='ocrx_word' id='word_1_326' title='bbox 394 4392 445 4477; x_wconf 82' lang='lat'><strong>12,</strong></span> <span class='ocrx_word' id='word_1_327' title='bbox 463 4394 485 4457; x_wconf 86' lang='lat'><strong>3</strong></span> <span class='ocrx_word' id='word_1_328' title='bbox 507 4392 543 4456; x_wconf 92' lang='lat' dir='ltr'><strong>in</strong></span> <span class='ocrx_word' id='word_1_329' title='bbox 560 4394 667 4460; x_wconf 89' lang='lat' dir='ltr'><strong>verbis</strong></span> <span class='ocrx_word' id='word_1_330' title='bbox 688 4393 824 4460; x_wconf 79' lang='lat' dir='ltr'><strong>‘milites</strong></span> <span class='ocrx_word' id='word_1_331' title='bbox 843 4394 934 4458; x_wconf 91' lang='lat' dir='ltr'><strong>iubet</strong></span> <span class='ocrx_word' id='word_1_332' title='bbox 952 4391 1075 4480; x_wconf 88' lang='lat' dir='ltr'><strong>galeari</strong></span> <span class='ocrx_word' id='word_1_333' title='bbox 1095 4391 1185 4457; x_wconf 89' lang='lat' dir='ltr'><strong>etad</strong></span> <span class='ocrx_word' id='word_1_334' title='bbox 1208 4412 1277 4457; x_wconf 84' lang='lat' dir='ltr'><strong>com</strong></span> <span class='ocrx_word' id='word_1_335' title='bbox 1299 4413 1444 4477; x_wconf 86' lang='lat' dir='ltr'><strong>pugnam</strong></span> 
     </span>
    </p>
   </div>
   <div class='ocr_carea' id='block_1_4' title="bbox 0 0 1650 5132">
    <p class='ocr_par' dir='ltr' id='par_1_13' title="bbox 0 0 1650 5132">
     <span class='ocr_line' id='line_1_47' title="bbox 0 0 1650 5132; baseline 0 3"><span class='ocrx_word' id='word_1_336' title='bbox 0 0 1650 5132; x_wconf 95' lang='lat' dir='ltr'><strong> </strong></span> 
     </span>
    </p>
   </div>
  </div>
 </body>
</html>
