3292 5132
595 343 672 398 CAP.
692 351 716 398 6.
737 351 760 399 7.
1209 348 1250 408 13

197 505 230 572 7.
250 507 329 571 Inde
344 511 465 588 postero
485 507 533 571 dic
547 507 652 571 movit
669 510 702 570 et
720 506 867 590 pervenit
887 508 926 571 ad
942 508 1096 591 oppidum
1111 507 1249 592 Leptim,
1270 527 1283 573 1

114 597 242 660 liberam
265 596 430 661 civitatem
455 599 488 660 et
509 597 683 660 inmunem.
729 593 847 680 Legati
875 618 913 660 ex
942 597 1061 681 oppido
1091 596 1249 678 [obviam]

114 687 253 769 veniunt,
276 685 414 749 libenter
437 707 472 748 se
491 684 601 748 omnia
624 684 782 768 facturos,
806 706 889 767 quae
907 685 1020 770 vellet,
1044 684 1248 770 pollicentur.
1269 704 1284 751 2

114 775 220 859 ltaque
244 774 485 839 centurionibus
506 773 547 837 ad
570 778 681 857 portas
706 773 843 856 [oppidi]
863 778 896 838 et
914 774 1069 839 custodiis
1088 774 1249 859 inpositis,

87 887 149 933 sne
177 864 248 947 quis
280 863 374 927 miles
408 863 456 944 [in
479 858 647 948 oppidum]
676 862 829 926 introiret
857 866 914 926 aut
941 863 1094 928 iniuriam
1126 864 1250 928 faceret

114 954 244 1036 cuipiam
267 952 408 1036 incolae,
435 973 501 1016 non
527 953 625 1036 longe
654 951 694 1016 ab
723 950 841 1034 oppido
870 952 1046 1017 secundum
1069 953 1146 1016 litus
1169 953 1250 1017 facit

115 1049 220 1106 eastra.
266 1041 455 1124 Eodemque
479 1063 578 1105 nares
599 1039 765 1106 onerariae
786 1043 818 1104 et
842 1041 959 1126 longae
978 1042 1153 1106 nonnullae
1173 1064 1249 1106 casu
1269 1061 1284 1106 3

116 1132 320 1214 advenerunt3
352 1130 511 1214 reliquae,
543 1133 580 1193 ut
612 1134 663 1193 est
695 1131 896 1213 nuntiatum,
929 1131 1072 1194 incertae
1105 1132 1248 1196 locorum

115 1219 234 1284 Uticam
261 1221 400 1301 [versus]
429 1223 540 1302 petere
568 1218 658 1282 visae
687 1223 771 1284 sunt.
816 1217 953 1282 Interim
982 1217 1102 1285 Caesar
1125 1242 1145 1283 a
1168 1223 1287 1284 maria

78 1329 101 1376 lo
115 1331 171 1374 non
193 1308 318 1394 digredi
342 1329 445 1390 neque
470 1307 706 1372 mediterranea
730 1311 839 1390 petere
858 1313 991 1392 propter
1009 1310 1140 1373 navium
1166 1331 1249 1374 erro
1338 1373 1344 1382 ,

193 1471 207 1518 1
227 1465 353 1536 *postero
371 1465 427 1537 dic]
447 1465 558 1520 addidit
572 1464 670 1518 Noodle
687 1465 696 1532 l
713 1464 825 1532 Leptim
839 1465 917 1534 AD,-
935 1466 1012 1535 lepri
1025 1465 1131 1532 LPF5
1149 1466 1251 1536 Leptin

117 1537 238 1606 Nipperd.
257 1537 351 1592 Kran.
370 1537 452 1590 Diae.
475 1538 485 1604 l
508 1541 524 1589 2
544 1535 703 1606 *[0bviam]
722 1535 852 1590 veniunt:
871 1537 989 1591 veniunt
1007 1538 1044 1602 L;
1064 1538 1183 1593 veniunt
1201 1538 1250 1592 ob·

117 1608 180 1662 viam
193 1609 221 1662 D
243 1611 254 1679 {l
277 1615 294 1662 3
313 1606 513 1677 pollicerentur
525 1607 588 1660 LP
608 1607 617 1674 ΙΙ
641 1612 658 1659 4
676 1606 820 1679 *[oppidi]
834 1609 1011 1663 inclusimus:
1029 1611 1137 1666 inverso
1155 1611 1250 1664 ordine

118 1679 201 1748 oppidi
218 1681 316 1748 portas
335 1678 362 1731 L
379 1681 388 1747 ΙΙ
408 1685 423 1732 6
442 1677 505 1750 *[11]
525 1678 671 1749 oppidum]
690 1680 853 1733 inclusimus
866 1680 875 1748 ΙΙ
895 1685 910 1733 6
930 1681 1061 1750 cuiquam
1077 1681 1103 1733 L
1124 1684 1133 1749 1
1151 1686 1168 1734 8
1186 1679 1251 1733 *est

118 1751 151 1816 L,·
166 1752 206 1806 est
224 1752 250 1805 ei
269 1751 297 1804 R
320 1754 330 1821 l
353 1756 368 1804 9
389 1750 510 1821 [versus]
529 1751 691 1804 inclusimus

195 1894 221 1948 7.
252 1899 392 1962 lposlcro
410 1893 467 1975 dic]
491 1893 522 1946 ut
541 1896 588 1958 76,
608 1896 633 1945 2.
666 1889 706 1944 Cf.
728 1897 771 1957 19,
791 1898 808 1944 4
831 1894 898 1961 post
922 1893 997 1946 diem
1015 1893 1062 1950 VI.
1093 1925 1125 1934 -
1154 1896 1249 1966 morit]

120 1964 162 2017 hoc
177 1982 228 2019 uno
247 1967 311 2020 loco
330 1981 387 2019 non
401 1964 498 2019 addrto
518 1963 630 2017 obiecto
649 1964 751 2017 castra.
766 1993 800 2004 —-
819 1964 942 2035 Leptim]
960 1964 1138 2036 intellegitur
1153 1967 1249 2036 Leptis

120 2034 207 2105 minor,
230 2033 370 2105 Λέπτιςὴ
391 2031 489 2106 μικροί,
512 2034 596 2104 Lepti
618 2034 731 2103 (punice
749 2025 821 2102 ΠἎΒ,
845 2035 946 2105 Lebta)
965 2036 995 2090 in
1013 2037 1142 2105 nummis,
1161 2038 1250 2106 Lepte

121 2105 195 2162 minus
220 2108 250 2162 in
274 2107 373 2162 tabula
396 2105 626 2176 Peutingeriana‚
656 2106 746 2160 altera
772 2107 859 2174 Lepta
882 2107 912 2160 in
940 2107 1038 2162 codice
1061 2109 1249 2174 Iustiniane03

122 2178 189 2232 hodie
213 2179 323 2234 Lamta.
361 2176 602 2233 Tirsos-Reimea
630 2176 656 2233 II
681 2183 731 2230 169
741 2194 783 2245 sq.
821 2176 892 2232 Plin.
921 2197 947 2232 n.
974 2180 1001 2232 h.
1031 2184 1061 2246 5,
1084 2185 1118 2233 25
1146 2180 1251 2249 oppida

121 2247 194 2304 libera
209 2251 321 2320 Leptis,
344 2250 562 2316 Hadrumetum,
585 2247 726 2316 Ruspina,
750 2249 887 2317 Thapsus.
912 2280 945 2289 -
970 2256 985 2303 2
1010 2251 1161 2321 inmanem]
1182 2250 1249 2305 olim

123 2317 215 2390 singula
235 2324 266 2376 in
290 2321 351 2376 dies
374 2322 483 2375 talenta
505 2318 630 2388 vectigal
653 2317 932 2386 Carthaginiensibus
955 2321 1063 2375 dedisse
1090 2323 1251 2376 auctorest

124 2390 200 2446 Livius
218 2399 260 2463 34,
281 2401 325 2462 62,
344 2400 369 2448 3.
388 2424 422 2433 -
444 2393 575 2462 [obviam]
594 2389 699 2444 rectius
718 2391 870 2455 omittitur,
895 2391 961 2460 quia
980 2391 1104 2460 Caesari,
1131 2409 1194 2447 cnm
1214 2395 1250 2448 ad

125 2464 236 2530 oppidum
254 2463 454 2534 pervenisset,
473 2481 529 2518 non
547 2463 679 2532 poterant
697 2463 785 2532 legati
804 2461 916 2517 obviam
935 2463 1038 2518 venire.
1077 2462 1119 2517 cf.
1135 2470 1158 2530 6,
1175 2471 1199 2520 7.
1215 2495 1248 2505 -

125 2537 207 2602 lquor
223 2535 312 2606 vellat]
337 2534 414 2590 Haec
437 2535 523 2591 verba
545 2551 597 2588 nec
619 2533 743 2587 omnium
768 2533 895 2589 codicum
919 2535 972 2588 fide
998 2536 1180 2603 comprobata
1197 2552 1249 2589 nec

125 2620 216 2670 prorsus
228 2605 389 2662 necessaria
402 2607 508 2661 tuenda
521 2606 614 2675 potius
629 2606 732 2659 collato
745 2604 773 2661 b.
788 2604 867 2658 Alex.
883 2610 926 2670 69,
942 2611 957 2658 2
978 2606 1116 2660 facturum
1135 2607 1250 2660 omnia

125 2672 275 2747 Pharnacen,
300 2694 371 2747 quaa
394 2677 532 2746 imperata
552 2677 655 2731 essent.
693 2676 733 2731 01.
754 2683 778 2744 6,
798 2681 823 2729 7.
852 2707 884 2714 -
914 2677 1069 2748 4[oppide']
1090 2676 1249 2745 explicandi

127 2761 189 2804 cansa
209 2749 336 2805 additum
359 2766 420 2804 esse
443 2750 505 2817 ipsa
528 2748 655 2802 codicum
680 2747 870 2815 discrepantia
895 2750 993 2802 monet
1020 2749 1054 2801 ut
1077 2749 1248 2814 statuamns;

126 2822 246 2883 praeterea
263 2837 354 2890 neque
373 2820 436 2876 loco
454 2817 601 2874 simillimo
620 2823 662 2886 88,
683 2824 698 2872 7
722 2818 862 2888 (omnibus
884 2818 975 2887 portis
998 2818 1139 2873 custodias
1158 2820 1249 2888 ponit)

128 2891 262 2954 genetivum
293 2891 407 2973 addidit
433 2889 548 2946 Asinius
572 2893 601 2944 et
624 2889 722 2959 oppidi
744 2905 846 2973 nomen
869 2888 944 2944 intra
966 2907 1071 2960 paucos
1096 2891 1249 2946 versiculos

128 2961 879 3102 transnatantessdssrtllmlllll
902 2961 1250 3103 instituisset

129 3105 200 3173 erant,
220 3107 250 3159 ut
267 3122 355 3161 naves
374 3105 543 3174 tempestate
569 3104 713 3173 dispersae
734 3105 799 3158 tuto
823 3102 859 3160 ad
879 3119 943 3158 enm
961 3105 1248 3174 pervenrapossone.
1294 3155 1296 3158 .

130 3200 153 3210 -
167 3176 227 3240 facit
241 3178 347 3247 castrat
366 3193 414 3231 sex
438 3176 507 3230 locis
529 3175 598 3230 belli
616 3174 717 3243 Africi,
742 3176 818 3244 apud
842 3176 991 3229 Caesarem
1013 3171 1124 3252 inierso
1146 3175 1249 3254 prdine

131 3241 215 3300 ‘eastra
236 3248 354 3303 lacere'.
392 3246 539 3316 Landgraf
557 3265 584 3315 p.
605 3251 647 3301 67.
678 3277 710 3287 -
741 3253 756 3300 7
779 3246 941 3316 nonnullae]
968 3246 1070 3315 quibus
1086 3247 1249 3301 itaauctae

132 3317 178 3368 sunt
193 3317 312 3375 Caesaris
332 3319 443 3389 copiae,
463 3320 496 3372 nt
515 3318 564 3386 qui
581 3333 668 3386 prope
681 3315 868 3372 Adrumetum
882 3335 938 3372 non
958 3317 1080 3388 amplius
1095 3317 1151 3372 tria
1169 3317 1249 3371 milia

131 3387 228 3449 peditum
246 3390 434 3460 exposuisset,
453 3390 509 3444 iam
525 3387 628 3457 viginti
642 3393 700 3442 tres
722 3388 852 3442 cohortes
871 3391 947 3458 (9,1.
969 3396 1012 3458 10,
1030 3391 1054 3458 1)
1073 3389 1198 3443 haberet.
1215 3420 1246 3427 —

133 3459 179 3512 871
193 3467 226 3516 ast
247 3462 424 3543 nuntiatum]
445 3460 485 3516 ef.
505 3462 541 3514 ad
559 3465 635 3542 4,·4.
664 3490 697 3500 -
726 3461 846 3514 incertae
865 3460 996 3531 locorum]
1017 3466 1060 3527 21,
1079 3467 1110 3514 3:
1135 3477 1169 3543 ex
1192 3477 1248 3542 ser-

132 3531 1247 3673 111.9977,2721677172εέ699761667716771

135 3673 242 3742 omnium,
261 3679 290 3731 et
307 3674 422 3744 passim.
447 3706 480 3716 -
506 3681 521 3729 9
546 3674 652 3729 Uticam
666 3674 768 3744 petere]
789 3672 835 3727 Sic
854 3675 888 3727 de
907 3673 1106 3743 navigantibus
1125 3680 1151 3742 2,
1171 3680 1186 3728 2
1206 3674 1247 3728 in·

135 3739 201 3818 splen
211 3765 235 3814 p.
249 3746 413 3812 Paeoniam,
433 3752 489 3811 3,4
509 3749 615 3801 certum
629 3744 734 3813 locum,
755 3750 797 3812 96,
813 3749 828 3797 1
846 3745 1020 3814 Hispaniam,
1040 3745 1119 3800 Caes.
1134 3745 1160 3798 ΙΙ
1175 3750 1199 3811 7,
1215 3751 1247 3813 2,

136 3807 174 3890 Cle.
188 3813 272 3872 Planc.
292 3825 325 3873 97
345 3816 557 3887 Dyrrhachium.
595 3817 676 3881 Quod
698 3832 762 3870 cum
781 3815 982 3886 grammaticus
1001 3816 1246 3886 interpretaretur:

136 3877 219 3962 Uticam
244 3907 337 3944 versus
363 3888 499 3958 navigare
527 3889 573 3942 vel
601 3904 712 3942 cursum
739 3888 856 3956 habere,
885 3904 951 3957 pars
975 3887 1154 3956 glossematis
1178 3887 1247 3956 ipsis

137 3948 202 4009 lunii
216 3960 303 4014 verbis
321 3960 428 4015 inserta
446 3962 499 4016 est.
527 3958 645 4014 Fecerat
663 3960 758 4013 autem
771 3958 882 4014 Uticam
898 3957 993 4028 Scipio
1008 3960 1103 4014 sedem
1120 3958 1197 4013 belli.
1213 3990 1246 3998 —

139 4025 161 4100 16
173 4027 276 4105 11197211]
296 4027 463 4102 ἀποχωρεῖν.
500 4031 533 4084 ln
550 4030 643 4085 verbis
662 4030 825 4098 compositis
844 4029 957 4099 saepius
976 4029 1033 4099 dis,
1057 4031 1087 4084 di
1105 4028 1246 4099 praeposi-

130 4091 188 4148 'bom
202 4101 234 4156 ab
250 4103 432 4158 substitutum
446 4104 501 4170 est,
517 4103 549 4155 nt
568 4102 602 4156 de
622 4100 783 4155 discedendi
802 4102 889 4156 verbo
908 4100 945 4156 ad
960 4109 985 4168 6,
1001 4108 1017 4156 6
1037 4099 1244 4166 adnotavimus3

140 4163 226 4246 abgredi
245 4174 289 4242 (cf.
309 4174 476 4244 abgregare)
501 4189 584 4227 nemo
607 4189 740 4240 umquam
763 4172 847 4239 dixit,
870 4173 1020 4241 propterea
1046 4173 1121 4240 quod
1140 4171 1247 4225 assimi-

141 4229 216 4294 buon
240 4246 448 4301 consonantium
476 4243 619 4299 abiturum
642 4245 703 4297 erat
724 4243 754 4297 in
777 4242 961 4312 aggrediendi
984 4245 1030 4313 (=-
1049 4242 1245 4312 adgrediendi)

142 4302 234 4386 lllmfftm.
251 4347 283 4356 -
301 4316 508 4386 mediterranea]
528 4315 624 4369 Livius
643 4320 685 4382 25,
705 4319 747 4382 26,
763 4320 778 4367 2
798 4333 834 4367 m.
854 4313 975 4380 insulae3
994 4315 1024 4368 in
1043 4314 1247 4369 mediterraneo

143 4371 190 4433 Phr
207 4402 230 4440 n.
246 4387 272 4442 h.
291 4393 316 4454 2,
335 4394 399 4456 204,
422 4388 559 4442 substant.
584 4386 648 4440 fem.
668 4402 731 4454 gen.
753 4385 794 4455 (la
812 4384 1026 4453 mediterranea)
1050 4387 1150 4440 Florus
1176 4387 1241 4440 dial.

143 4460 185 4503 lum
205 4458 425 4515 mediterraneam
453 4458 579 4529 (plagam
607 4457 671 4512 add.
700 4456 885 4528 Ritschelius)
913 4457 1118 4528 concepissem
1148 4461 1177 4513 et
1204 4459 1246 4512 ita
