3312 5130
588 364 703 420 INDEX
723 364 933 421 VERBORUM.
1268 363 1330 430 201

185 525 335 580 audaciam
354 530 397 591 31,
412 531 436 580 6.
475 525 580 593 oppida
597 527 708 592 praeter
727 543 759 580 ea
779 526 908 610 [66666],
933 543 1004 596 6666
1028 525 1083 596 1661
1107 526 1164 580 6616
1182 525 1333 596 praesidiis

184 595 260 651 tueri
277 597 422 666 poterant,
441 597 550 664 reliqua
564 595 638 649 dirui
657 602 699 662 20,
714 602 738 651 4.
777 615 863 667 opera
880 599 993 652 mterim
1013 598 1073 668 ipse
1093 598 1194 667 (0666.)
1215 597 1333 653 61666166

187 666 294 722 cotidie
313 674 396 734 21,1.
433 666 523 722 mittit
542 666 656 736 (Caes),
675 673 707 722 66
727 711 732 722 .
753 710 760 722 .
780 709 786 722 .
807 670 943 724 exercitus
964 669 1018 723 sibi
1038 669 1278 738 transportaretur
1296 693 1332 717 ω

183 739 246 808 1666
265 738 296 792 16
314 739 395 794 tanta
414 741 474 794 erat
492 736 676 793 festinatione
695 756 735 806 sq.
756 746 799 806 26,
814 747 839 795 4.
876 743 949 809 quod
973 741 1029 810 ipsi
1048 739 1184 809 (Gaetuli)
1202 741 1335 796 maiores·

184 828 239 879 que
264 825 360 864 eorum
385 808 520 864 beneficio
544 809 574 865 C.
595 809 666 864 Mari
690 811 734 864 usi
756 809 877 865 fuissent
900 854 906 867 .
927 856 932 866 .
953 856 958 868 .
983 811 1014 865 in
1033 811 1092 866 eius
1116 810 1217 881 (Caes.)
1242 815 1334 866 castra

184 880 338 951 perfugere
358 887 401 947 32,
416 888 441 936 3.
468 881 548 936 16666
566 880 690 950 (Caesar)
709 880 857 950 legiones.
873 925 879 937 .
896 925 901 937 .
917 899 946 937 66
966 882 1098 950 consequi
1117 881 1153 936 ad
1173 882 1333 954 [oppidum]

187 952 345 1021 Ruspinam
361 969 469 1021 versus,
488 953 518 1006 in
532 970 587 1020 quo
602 953 661 1022 ipse
675 953 847 1022 praesidium
861 955 1017 1022 66661637,
1033 962 1057 1008 2.
1088 955 1162 1023 quod
1178 953 1335 1024 (oppidum)

186 1067 193 1079 .
219 1067 251 1078 ..
278 1040 329 1093 per
355 1025 429 1093 ipsos
456 1025 612 1094 oppidanos
632 1027 693 1078 erat
714 1025 857 1079 defensum
881 1033 924 1094 67,
946 1034 968 1081 1.
1006 1025 1049 1079 1111
1068 1042 1163 1080 omnes
1183 1024 1334 1096 [Scipionis

188 1095 309 1166 milites]
329 1137 381 1152 ...
400 1094 575 1165 inspectante
594 1094 655 1164 ipso
676 1095 846 1221 [caenaret
862 1140 868 1151 .
885 1140 890 1150 .
910 1100 977 1151 sunt
992 1096 1136 1152 interfecti
1154 1101 1198 1166 86,
1212 1103 1237 1150 9.
1273 1097 1335 1166 1666

190 1167 294 1233 (Caes.)
314 1166 469 1236 Vergilium
488 1166 644 1236 appellavit
662 1172 704 1234 86,
720 1173 743 1222 2.
783 1169 812 1220 16
833 1185 899 1222 am
917 1169 1051 1238 oppidum
1071 1167 1194 1237 Zamam,
1212 1167 1334 1238 6611666

189 1238 366 1292 domicilium
391 1236 516 1292 6666666
534 1261 570 1285 ω
589 1236 698 1292 accedit
721 1243 768 1306 31,
788 1245 811 1294 1.
841 1271 871 1280 —
907 1240 1036 1308 concepit
1055 1239 1146 1308 (1666)
1167 1238 1255 1294 666166
1275 1254 1334 1294 6666

189 1307 246 1364 6161
266 1325 372 1378 suoque
385 1325 473 1378 reguo
493 1308 618 1363 subsidio
633 1310 686 1375 ire,
706 1326 803 1378 quam,
822 1312 889 1364 dum
903 1310 974 1366 alios
988 1311 1133 1364 adiuturus
1148 1309 1334 1379 proficiscere·

187 1382 251 1447 tur,
270 1381 332 1449 ipse
354 1421 403 1436 ...
423 1384 541 1449 utraque
560 1395 590 1433 re
610 1379 796 1450 expelleretur
815 1387 857 1451 26,
873 1389 897 1436 4.
934 1382 1034 1450 661666
1054 1382 1162 1452 [66666]
1182 1399 1333 1449 numquam

190 1454 273 1506 tanta
293 1454 456 1520 suppeteret
474 1468 507 1506 ex
525 1451 649 1520 ipsorum
668 1452 770 1508 inertia
788 1494 794 1506 .
815 1496 821 1508 .
842 1495 847 1507 .
866 1453 982 1520 fiducia,
1005 1456 1036 1507 ut
1055 1460 1097 1520 31,
1113 1459 1137 1508 6.
1176 1453 1283 1522 equites
1302 1451 1332 1507 16

190 1523 303 1578 6666116
324 1522 532 1590 conlocauerat,
552 1525 595 1588 ut,
615 1539 676 1576 cum
696 1523 756 1592 1666
775 1523 943 1594 legionarios
962 1525 1077 1580 adortus
1097 1525 1183 1590 esset,
1209 1540 1242 1578 ex
1262 1523 1333 1578 colle

189 1593 286 1649 subito
306 1610 335 1648 66
351 1593 493 1662 equitatus
508 1594 669 1648 ostenderet
683 1600 726 1662 60,
740 1601 764 1651 2.
793 1595 896 1651 dieitur
910 1596 980 1650 Iuba
994 1613 1057 1650 cum
1072 1611 1104 1650 co
1120 1595 1217 1665 (Scip.)
1236 1594 1334 1664 egisse,

188 1683 246 1720 non
272 1667 401 1735 oportere
423 1663 504 1718 illum
528 1665 627 1720 eodem
650 1666 753 1720 vest'tu
776 1666 832 1736 uti,
860 1669 945 1736 atque
968 1668 1029 1737 1666
1051 1668 1178 1722 uteretur
1197 1672 1240 1734 67,
1255 1671 1279 1722 6.
1299 1697 1332 1706 -

186 1736 301 1806 equites
321 1735 441 1790 Romani
457 1778 462 1790 .
478 1779 484 1790 .
500 1779 506 1790 .
523 1752 551 1790 66
570 1739 748 1806 6666666666,
767 1755 801 1793 66
816 1755 834 1792 6
851 1739 987 1794 militibus
1001 1762 1037 1785 ω
1050 1739 1105 1808 1661
1124 1755 1233 1806 666666
1247 1737 1334 1793 16666-

185 1810 337 1862 ficerentur
355 1812 397 1874 86,
413 1813 438 1862 8.
475 1808 523 1875 qui
551 1824 645 1862 eorum
673 1809 733 1878 ipse
762 1827 812 1864 sua
839 1812 913 1865 bona
934 1809 1099 1864 redemisset
1122 1815 1168 1877 90,
1191 1813 1215 1862 1.
1254 1811 1284 1862 16
1304 1812 1335 1863 66

186 1879 280 1950 666616
300 1879 448 1933 nobilitate
470 1879 511 1950 [et
529 1877 682 1950 dignitate]
701 1883 730 1934 et
747 1898 797 1948 per
819 1884 848 1936 te
866 1882 925 1950 ipse
945 1881 1012 1934 satis
1031 1880 1118 1934 enimi
1137 1879 1334 1950 magnitudine

185 1950 335 2020 praeditus
354 1956 397 2014 22,
412 1954 436 2004 6.
474 1954 617 2004 16666666
636 1950 765 2021 1666666
784 1968 813 2006 se
833 1970 926 2006 eoram
946 1997 952 2008 ,
969 1995 974 2007 ,
993 1994 999 2007 .
1017 1953 1065 2007 scd
1084 1975 1119 1999 ω
1139 1970 1188 2020 666
1206 1950 1333 2020 6666616-

187 2029 264 2077 tores
283 2020 442 2090 imperabat
460 2026 503 2088 31,
517 2026 543 2075 4.
580 2023 611 2075 66
635 2037 729 2076 recum
752 2022 811 2091 ipse
835 2024 927 2093 (1666)
953 2023 1060 2092 aliquid
1085 2023 1262 2078 auctoritatis
1285 2023 1333 2077 ad·

185 2094 275 2148 ferret
293 2093 427 2146 exercitui
446 2091 584 2162 Scipionis
602 2099 645 2159 48,
663 2099 685 2148 l.
714 2094 845 2160 quoniam
864 2096 919 2165 ipsi
938 2095 991 2148 6161
1005 2109 1096 2163 66666
1111 2095 1223 2148 modum
1242 2111 1332 2161 neque

184 2165 337 2219 terminum
354 2164 544 2232 constituunt,
560 2207 565 2220 .
581 2206 587 2218 .
604 2205 610 2219 .
625 2170 737 2232 egomet
751 2163 835 2236 [ipse]
852 2167 1048 2221 documentum
1063 2167 1236 2220 constituam
1250 2171 1293 2233 64,
1305 2172 1329 2222 3.

185 2239 240 2305 (66)
270 2253 299 2290 66
327 2235 388 2303 1666
415 2235 529 2304 insuper
555 2235 723 2290 interficeret
747 2242 792 2300 91,
813 2243 838 2292 2.
876 2235 1009 2292 Catonem
1032 2237 1131 2292 Uticae
1156 2238 1210 2291 sibi
1235 2238 1329 2306 ipsum

184 2323 287 2361 manus
307 2305 436 2360 attulisse
455 2312 501 2374 93,
521 2311 546 2361 3.
582 2307 642 2376 1666
662 2306 717 2360 6161
736 2324 798 2361 eum
817 2313 964 2362 conaretur
982 2308 1076 2377 gladio
1094 2308 1216 2363 traicere
1234 2311 1333 2378 pectus

186 2384 231 2446 94,
247 2385 271 2433 2.
292 2409 324 2418 -
346 2379 432 2446 (oum)
454 2393 544 2446 neque
568 2378 715 2446 quisquam
739 2380 866 2434 crederet
886 2379 996 2449 ipsum
1020 2381 1065 2449 (=
1085 2379 1258 2446 Caesarem),
1283 2378 1332 2432 sed

186 2451 312 2518 aliquem
337 2448 465 2518 legatum
488 2447 519 2502 in
545 2450 668 2503 Africum
692 2450 800 2505 venisse
825 2457 911 2517 26,1.
948 2449 1027 2504 66116
1050 2449 1213 2504 condicione
1232 2466 1333 2517 cogere

185 2521 364 2604 adversarios
383 2521 507 2589 poterat,
527 2518 605 2574 utin
625 2537 744 2589 aequum
762 2522 855 2576 locum
875 2522 1076 2603 descenderent
1096 2563 1102 2576 .
1119 2562 1124 2574 .
1140 2563 1147 2576 .
1166 2537 1258 2589 neque
1272 2519 1332 2590 ipse

115 2728 118 2733 ,
185 2591 1332 2733 6661116616661...666666611661,6161

185 2734 246 2790 suis
273 2734 402 2788 manibus
431 2733 555 2807 [vulnus]
584 2734 696 2789 divellit
722 2740 764 2803 88,
788 2741 813 2793 4.
855 2735 884 2791 P.
904 2735 1014 2791 Vestrio
1038 2736 1143 2799 autem,
1173 2735 1248 2802 quod
1273 2733 1332 2787 eius

183 2797 275 2862 116666
297 2805 405 2859 Romae
428 2806 574 2874 pecuniam
596 2806 762 2874 imperatam
787 2808 996 2873 numeraverat,
1020 2808 1049 2860 et
1071 2806 1147 2874 quod
1170 2806 1231 2875 ipse
1251 2822 1330 2860 snam

185 2894 302 2933 causam
321 2877 490 2946 probaverat
509 2875 621 2932 Caesari
639 2900 675 2924 ‹x›
693 2877 803 2946 ignovit
826 2885 874 2947 64,
889 2884 914 2932 2.
951 2879 1032 2946 66166
1052 2877 1176 2932 exercitu
1195 2874 1332 2930 Saburrae

186 2993 192 3005 .
216 2991 222 3004 .
243 2991 249 3003 .
268 2948 386 3018 ipsoque
405 2947 553 3002 interfecto
573 2955 660 3016 96,1.
685 2981 717 2988 -
746 2949 847 3004 Alieno
867 2991 873 3002 .
894 2990 900 3002 .
922 2990 927 3002 .
948 2949 983 3003 de
1002 2949 1131 3004 omuibus
1151 2948 1234 3002 rebus
1253 2965 1332 3018 prae-

185 3019 259 3089 cipit
276 3044 312 3067 ω
330 3020 387 3074 His
405 3019 546 3073 mundatis
564 3018 624 3089 ipse
644 3037 728 3074 naves
748 3021 912 3075 conscendit
930 3007 955 3086 2,
971 3026 995 3076 4.
1023 3021 1104 3076 simil.
1124 3025 1151 3089 8,
1166 3024 1189 3074 6.
1210 3026 1235 3088 9,
1252 3025 1265 3072 1
1282 3021 1330 3074 tis.

187 3097 276 3159 66,1.
297 3096 344 3158 11,
361 3097 383 3145 3.
406 3097 491 3158 raa.
512 3097 559 3158 av,
576 3098 598 3144 1.
620 3097 706 3158 664.
726 3098 773 3160 66,
790 3098 813 3146 1.
833 3098 919 3159 ee,3.
941 3098 988 3160 cv,
1004 3096 1027 3146 1.
1044 3097 1069 3146 6.
1093 3097 1140 3159 66,
1155 3098 1179 3146 a.
1195 3097 1220 3146 4.
1246 3096 1332 3160 666.

184 3169 233 3231 80,
247 3169 272 3217 2.
287 3169 313 3216 4.
333 3168 414 3230 81,1.
436 3168 478 3230 86,
494 3168 518 3216 3.
538 3167 581 3228 88,
597 3169 620 3218 3.
641 3168 683 3227 92,
698 3169 724 3216 2.
744 3169 786 3230 93,
802 3170 826 3218 3.
847 3169 929 3230 97,1.
950 3194 982 3204 -
1001 3162 1217 3218 tabernaculum
1236 3177 1332 3216 secun·

184 3235 255 3288 dum
274 3234 342 3288 litus
361 3234 452 3302 ipsum
472 3233 619 3288 constituit
638 3239 702 3302 1,1.
731 3233 819 3289 donec
838 3237 873 3288 ad
892 3235 967 3304 ipsas
986 3236 1083 3304 portas
1102 3250 1135 3287 ac
1154 3251 1264 3287 murum
1283 3234 1331 3285 ad-

184 3306 390 3375 propinquaret
412 3311 459 3372 23,
479 3310 503 3360 2.
541 3307 652 3373 6666666
675 3306 764 3374 ipsam
785 3306 908 3359 Africam
926 3308 1030 3360 terram
1050 3305 1119 3358 nihil
1139 3329 1174 3351 ω
1192 3304 1332 3372 reliquum

183 3379 310 3431 futurum
331 3383 373 3444 26,
389 3383 413 3431 3.
451 3375 487 3430 ad
510 3375 573 3444 ipsa
595 3392 699 3430 cornua
723 3375 815 3444 quinis
838 3378 1000 3431 cohortibus
1019 3376 1173 3430 conlocatis
1193 3380 1276 3441 81,1.
1295 3405 1329 3414 —

185 3465 240 3502 uec
260 3448 408 3517 quicquam
428 3447 547 3502 solatii.
569 3488 574 3499 .
596 3489 602 3502 .
621 3448 744 3500 animum
763 3448 960 3513 advertebant,
983 3447 1037 3500 nisi
1056 3448 1085 3500 in
1103 3447 1191 3514 ipsius
1211 3447 1329 3514 impera·

184 3520 258 3575 toris
275 3520 356 3575 vultu
376 3525 422 3586 10,
442 3525 466 3572 3.
503 3519 615 3588 praeter
637 3518 730 3587 ipsum
754 3518 874 3573 militem
897 3521 926 3572 et
944 3535 1022 3573 arma
1044 3534 1096 3573 uec
1114 3535 1163 3571 vas
1183 3534 1233 3571 nec
1252 3535 1330 3570 man-

185 3591 293 3660 cipium
314 3633 320 3644 .
340 3629 346 3642 .
367 3631 374 3645 .
392 3589 490 3660 inponi
510 3597 552 3656 47,
567 3596 591 3644 3.
617 3621 649 3630 —-
674 3592 706 3644 ut
729 3590 814 3644 etiam
837 3591 979 3646 caedendo
1002 3589 1030 3643 in
1054 3591 1116 3660 1666
1138 3587 1259 3643 61666616
1284 3588 1331 3643 de-

184 3662 302 3732 fatigati
320 3661 498 3716 vincerentur
518 3666 559 3729 19,
574 3667 599 3715 3.

277 3733 335 3789 ira.
372 3733 415 3787 ira
433 3732 555 3802 percitus
574 3731 668 3802 Scipio
692 3735 776 3802 atque
794 3732 881 3787 animi
899 3733 995 3788 dolore
1014 3731 1142 3788 incensus
1161 3736 1249 3801 46,1.
1287 3731 1330 3786 166

185 3807 219 3860 66
237 3805 334 3860 dolore
352 3804 459 3858 incensi
478 3810 521 3872 86,
537 3810 560 3858 6.

277 3877 316 3932 le.
353 3877 418 3944 (661.
438 3882 526 3930 auctr.
546 3892 578 3930 eo
600 3881 642 3942 11,
656 3881 681 3929 4.
704 3882 747 3944 49,
763 3883 787 3939 2,
825 3878 909 3944 66666
927 3875 957 3929 id
977 3875 1050 3928 ‘und
1069 3875 1153 3930 zwar'
1175 3880 1262 3944 66,1.
1300 3877 1331 3928 66

183 3952 318 4016 eas5,1.
355 3945 385 4002 et
404 3955 437 4002 ea
457 3953 498 4014 10,
513 3954 537 4001 3.
575 3945 664 4014 6661,
688 3948 849 4017 661663).
888 3949 914 4016 1)
933 3948 974 4001 ad
987 3963 1223 4016 praegressum
1241 3947 1332 4001 6616-

183 4025 267 4074 tam:
295 4022 322 4082 6)
347 4019 509 4073 6166666661.
534 4036 604 4072 eum
629 4020 723 4086 (6661.)
743 4023 772 4085 9,
788 4025 813 4072 2.
839 4025 881 4085 69,
903 4024 926 4086 1,
964 4017 1037 4072 6166
1057 4025 1082 4086 3,
1097 4024 1121 4072 4.
1147 4024 1191 4082 26,
1210 4025 1232 4072 1.
1248 4023 1263 4070 2
1280 4018 1330 4072 bia.

183 4096 231 4158 26,
246 4096 271 4144 2.
299 4091 355 4160 (29,
370 4090 408 4160 11].
432 4091 739 4157 30,abv's.'3a,3bis.
766 4096 853 4158 35,2.
880 4096 922 4157 31,
938 4095 963 4144 2.
989 4095 1076 4156 41,2.
1105 4089 1289 4161 [44,3].-46,
1307 4095 1330 4142 1.

183 4166 261 4229 43,3
281 4163 330 4216 66.
357 4161 411 4229 (66,
427 4162 465 4232 a}
490 4166 532 4228 33,
548 4168 571 4215 4.
597 4166 639 4228 30,
656 4167 678 4215 1.
704 4167 746 4229 64,
761 4168 785 4215 a.
810 4167 853 4229 66,
868 4168 892 4215 3.
917 4165 959 4229 33,
976 4167 998 4216 1.
1014 4167 1039 4217 3.
1060 4167 1103 4228 66,
1119 4168 1141 4216 1.
1180 4159 1255 4228 parti
1274 4175 1332 4213 eor-

182 4234 263 4302 poris
282 4232 342 4286 eius
362 4239 404 4299 72,
420 4239 444 4287 4.
481 4250 545 4301 pars
560 4232 683 4301 corporis
700 4233 784 4304 [6166]
800 4240 842 4301 72,
857 4239 881 4285 4.
902 4239 944 4299 75,
959 4239 983 4286 3.
1000 4239 1023 4286 6.
1045 4238 1084 4300 76,
1102 4238 1125 4287 2,
1147 4237 1189 4297 77,
1206 4238 1228 4285 1.
1249 4237 1291 4299 88,
1308 4236 1331 4284 6.

184 4311 230 4372 96,
246 4309 272 4358 4.
301 4302 332 4358 ei
353 4309 377 4372 v,
393 4310 417 4357 3.
438 4309 479 4369 12,
496 4310 519 4358 1.
539 4308 582 4369 46,
597 4311 622 4358 a.
642 4309 684 4371 cc,
699 4311 725 4358 4.
745 4310 788 4373 vs,
802 4310 827 4358 6.
847 4309 889 4370 66,
905 4310 929 4357 3,
963 4319 1034 4356 eum
1055 4305 1132 4370 (aar.)
1146 4309 1188 4367 66,
1204 4308 1292 4371 sea,
1307 4311 1331 4356 3.

187 4376 227 4430 ad
247 4393 311 4430 eum
331 4379 373 4442 36,
390 4381 414 4429 3.
438 4382 480 4442 44,
496 4382 519 4430 3.
540 4379 583 4442 43,
598 4381 622 4428 2.
648 4379 690 4444 67,
706 4383 730 4430 2.
768 4376 843 4444 apud
862 4391 926 4427 eum
945 4380 988 4442 28,
1003 4380 1028 4428 2.
1066 4390 1102 4428 eo
1123 4379 1165 4441 74,
1180 4379 1204 4428 2.
1243 4374 1278 4426 66
1299 4391 1331 4427 66

189 4451 233 4516 re,
250 4453 276 4501 3.
304 4451 347 4516 as,
362 4453 386 4500 3.
412 4447 468 4517 (66,
484 4447 521 4517 6.
545 4452 587 4514 66,
603 4450 627 4502 1.
653 4451 695 4518 aa,
712 4452 734 4500 1.
772 4463 834 4501 cun
855 4463 887 4500 eo
906 4451 932 4512 3,
947 4452 971 4500 3.
995 4451 1039 4514 33,
1055 4451 1078 4499 1.
1102 4450 1145 4514 66,
1162 4450 1183 4498 6.
1200 4451 1225 4500 s.
1249 4451 1292 4514 se,
1309 4452 1331 4498 1.
