<?xml version="1.0" encoding="UTF-8"?>
<!DOCTYPE html PUBLIC "-//W3C//DTD XHTML 1.0 Transitional//EN"
    "http://www.w3.org/TR/xhtml1/DTD/xhtml1-transitional.dtd">
<html xmlns="http://www.w3.org/1999/xhtml" xml:lang="en" lang="en">
 <head>
  <title>
</title>
<meta http-equiv="Content-Type" content="text/html;charset=utf-8" />
  <meta name='ocr-system' content='tesseract 3.04.00' />
  <meta name='ocr-capabilities' content='ocr_page ocr_carea ocr_par ocr_line ocrx_word'/>
</head>
<body>
  <div class='ocr_page' id='page_1' title='image "./casinipolionisd00miodgoog_0117.png"; bbox 0 0 3288 5124; ppageno 0'>
   <div class='ocr_carea' id='block_1_1' title="bbox 333 297 1069 367">
    <p class='ocr_par' dir='ltr' id='par_1_1' title="bbox 333 297 1069 367">
     <span class='ocr_line' id='line_1_1' title="bbox 333 297 1069 367; baseline -0.007 -9"><span class='ocrx_word' id='word_1_1' title='bbox 333 303 376 367; x_wconf 78' lang='lat' dir='ltr'>&#39;IO</span> <span class='ocrx_word' id='word_1_2' title='bbox 732 299 882 356; x_wconf 82' lang='lat' dir='ltr'>BELLUM</span> <span class='ocrx_word' id='word_1_3' title='bbox 900 297 1069 354; x_wconf 78' lang='lat' dir='ltr'>AFRICUM.</span> 
     </span>
    </p>
   </div>
   <div class='ocr_carea' id='block_1_2' title="bbox 298 460 1539 1529">
    <p class='ocr_par' dir='ltr' id='par_1_2' title="bbox 332 460 1519 905">
     <span class='ocr_line' id='line_1_2' title="bbox 333 460 1477 551; baseline -0.002 -21"><span class='ocrx_word' id='word_1_4' title='bbox 333 466 418 551; x_wconf 91' lang='lat' dir='ltr'>quod</span> <span class='ocrx_word' id='word_1_5' title='bbox 442 463 549 550; x_wconf 81' lang='lat' dir='ltr'><strong>Scipio</strong></span> <span class='ocrx_word' id='word_1_6' title='bbox 573 466 719 549; x_wconf 88' lang='lat' dir='ltr'>tenebat,</span> <span class='ocrx_word' id='word_1_7' title='bbox 747 465 882 529; x_wconf 85' lang='lat' dir='ltr'>aberant</span> <span class='ocrx_word' id='word_1_8' title='bbox 911 463 1054 548; x_wconf 81' lang='lat' dir='ltr'>legiones</span> <span class='ocrx_word' id='word_1_9' title='bbox 1076 460 1238 544; x_wconf 81' lang='lat' dir='ltr'>Iulianae,</span> <span class='ocrx_word' id='word_1_10' title='bbox 1269 486 1341 528; x_wconf 92' lang='lat' dir='ltr'>cum</span> <span class='ocrx_word' id='word_1_11' title='bbox 1365 463 1477 550; x_wconf 83' lang='lat' dir='ltr'>Scipio</span> 
     </span>
     <span class='ocr_line' id='line_1_3' title="bbox 332 552 1479 639; baseline -0.002 -19"><span class='ocrx_word' id='word_1_12' title='bbox 332 556 468 639; x_wconf 83' lang='lat' dir='ltr'>veritus,</span> <span class='ocrx_word' id='word_1_13' title='bbox 491 577 531 620; x_wconf 90' lang='lat' dir='ltr'>ne</span> <span class='ocrx_word' id='word_1_14' title='bbox 551 555 706 639; x_wconf 91' lang='lat' dir='ltr'>oppidum</span> <span class='ocrx_word' id='word_1_15' title='bbox 726 554 903 638; x_wconf 82' lang='lat' dir='ltr'>amitteret,</span> <span class='ocrx_word' id='word_1_16' title='bbox 925 553 1010 617; x_wconf 90' lang='lat' dir='ltr'>unde</span> <span class='ocrx_word' id='word_1_17' title='bbox 1034 552 1147 634; x_wconf 88' lang='lat' dir='ltr'>aquari</span> <span class='ocrx_word' id='word_1_18' title='bbox 1165 552 1358 637; x_wconf 79' lang='lat' dir='ltr'>reliquisque</span> <span class='ocrx_word' id='word_1_19' title='bbox 1376 556 1479 618; x_wconf 89' lang='lat' dir='ltr'>rebus</span> 
     </span>
     <span class='ocr_line' id='line_1_4' title="bbox 333 641 1479 726; baseline -0.003 -17"><span class='ocrx_word' id='word_1_20' title='bbox 333 644 496 709; x_wconf 88' lang='lat' dir='ltr'>sublevari</span> <span class='ocrx_word' id='word_1_21' title='bbox 529 645 596 709; x_wconf 74' lang='lat' dir='ltr'>eius</span> <span class='ocrx_word' id='word_1_22' title='bbox 630 643 789 708; x_wconf 86' lang='lat' dir='ltr'>exercitus</span> <span class='ocrx_word' id='word_1_23' title='bbox 822 645 1007 725; x_wconf 88' lang='lat' dir='ltr'>consuerat,</span> <span class='ocrx_word' id='word_1_24' title='bbox 1040 641 1162 705; x_wconf 83' lang='lat' dir='ltr'>eductis</span> <span class='ocrx_word' id='word_1_25' title='bbox 1193 642 1342 706; x_wconf 89' lang='lat' dir='ltr'>omnibus</span> <span class='ocrx_word' id='word_1_26' title='bbox 1372 643 1479 726; x_wconf 88' lang='lat' dir='ltr'>copiis</span> 
     </span>
     <span class='ocr_line' id='line_1_5' title="bbox 332 730 1482 818; baseline -0.002 -20"><span class='ocrx_word' id='word_1_27' title='bbox 332 733 535 818; x_wconf 83' lang='lat' dir='ltr'>quadruplici</span> <span class='ocrx_word' id='word_1_28' title='bbox 566 733 634 798; x_wconf 87' lang='lat' dir='ltr'>acie</span> <span class='ocrx_word' id='word_1_29' title='bbox 664 735 823 798; x_wconf 86' lang='lat' dir='ltr'>instructa</span> <span class='ocrx_word' id='word_1_30' title='bbox 852 754 891 796; x_wconf 85' lang='lat' dir='ltr'>ex</span> <span class='ocrx_word' id='word_1_31' title='bbox 919 730 1072 796; x_wconf 90' lang='lat' dir='ltr'>instituto</span> <span class='ocrx_word' id='word_1_32' title='bbox 1102 752 1174 812; x_wconf 89' lang='lat' dir='ltr'>suc,</span> <span class='ocrx_word' id='word_1_33' title='bbox 1206 731 1311 814; x_wconf 89' lang='lat' dir='ltr'>prima</span> <span class='ocrx_word' id='word_1_34' title='bbox 1334 733 1482 815; x_wconf 73' lang='lat' dir='ltr'>equestri</span> 
     </span>
     <span class='ocr_line' id='line_1_6' title="bbox 332 819 1519 905; baseline -0.002 -19"><span class='ocrx_word' id='word_1_35' title='bbox 332 823 501 888; x_wconf 87' lang='lat' dir='ltr'>turmatim</span> <span class='ocrx_word' id='word_1_36' title='bbox 521 821 650 887; x_wconf 89' lang='lat' dir='ltr'>derecta</span> <span class='ocrx_word' id='word_1_37' title='bbox 669 821 914 905; x_wconf 79' lang='lat' dir='ltr'>elephantisque</span> <span class='ocrx_word' id='word_1_38' title='bbox 938 819 1066 892; x_wconf 82' lang='lat' dir='ltr'>turritis</span> <span class='ocrx_word' id='word_1_39' title='bbox 1085 819 1286 904; x_wconf 82' lang='lat' dir='ltr'>interpositis</span> <span class='ocrx_word' id='word_1_40' title='bbox 1312 821 1481 900; x_wconf 88' lang='lat' dir='ltr'>[armatis-</span> <span class='ocrx_word' id='word_1_41' title='bbox 1503 841 1519 890; x_wconf 86' lang='lat'>5</span> 
     </span>
    </p>

    <p class='ocr_par' dir='ltr' id='par_1_3' title="bbox 298 906 1539 1440">
     <span class='ocr_line' id='line_1_7' title="bbox 298 906 1482 997; baseline -0.003 -20"><span class='ocrx_word' id='word_1_42' title='bbox 298 930 313 978; x_wconf 85' lang='lat'><strong>3</strong></span> <span class='ocrx_word' id='word_1_43' title='bbox 336 914 422 997; x_wconf 89' lang='lat' dir='ltr'>qne]‚</span> <span class='ocrx_word' id='word_1_44' title='bbox 442 912 608 995; x_wconf 88' lang='lat' dir='ltr'>suppetias</span> <span class='ocrx_word' id='word_1_45' title='bbox 627 911 674 975; x_wconf 86' lang='lat' dir='ltr'>irc</span> <span class='ocrx_word' id='word_1_46' title='bbox 689 911 912 975; x_wconf 89' lang='lat' dir='ltr'>contendit-</span> <span class='ocrx_word' id='word_1_47' title='bbox 930 910 1014 993; x_wconf 90' lang='lat' dir='ltr'>quod</span> <span class='ocrx_word' id='word_1_48' title='bbox 1030 908 1086 973; x_wconf 91' lang='lat' dir='ltr'>ubi</span> <span class='ocrx_word' id='word_1_49' title='bbox 1101 906 1221 972; x_wconf 87' lang='lat' dir='ltr'>Caesar</span> <span class='ocrx_word' id='word_1_50' title='bbox 1236 909 1482 994; x_wconf 87' lang='lat' dir='ltr'>animadvertit,</span> 
     </span>
     <span class='ocr_line' id='line_1_8' title="bbox 335 997 1482 1085; baseline -0.002 -20"><span class='ocrx_word' id='word_1_51' title='bbox 335 1001 529 1084; x_wconf 76' lang='lat' dir='ltr'>arbitratus5</span> <span class='ocrx_word' id='word_1_52' title='bbox 555 997 738 1085; x_wconf 86' lang='lat' dir='ltr'>Scipionem</span> <span class='ocrx_word' id='word_1_53' title='bbox 767 1000 808 1064; x_wconf 87' lang='lat' dir='ltr'>ad</span> <span class='ocrx_word' id='word_1_54' title='bbox 836 997 1051 1063; x_wconf 87' lang='lat' dir='ltr'>dimicandum</span> <span class='ocrx_word' id='word_1_55' title='bbox 1076 1001 1226 1082; x_wconf 88' lang='lat' dir='ltr'>paratum</span> <span class='ocrx_word' id='word_1_56' title='bbox 1251 999 1346 1062; x_wconf 90' lang='lat' dir='ltr'>adse</span> <span class='ocrx_word' id='word_1_57' title='bbox 1371 1001 1482 1079; x_wconf 84' lang='lat' dir='ltr'>[certo</span> 
     </span>
     <span class='ocr_line' id='line_1_9' title="bbox 333 1087 1483 1173; baseline -0.002 -19"><span class='ocrx_word' id='word_1_58' title='bbox 333 1090 455 1169; x_wconf 89' lang='lat' dir='ltr'>animo]</span> <span class='ocrx_word' id='word_1_59' title='bbox 485 1089 607 1173; x_wconf 83' lang='lat' dir='ltr'>venire,</span> <span class='ocrx_word' id='word_1_60' title='bbox 639 1089 674 1152; x_wconf 90' lang='lat' dir='ltr'>in</span> <span class='ocrx_word' id='word_1_61' title='bbox 701 1111 738 1153; x_wconf 91' lang='lat' dir='ltr'>eo</span> <span class='ocrx_word' id='word_1_62' title='bbox 767 1089 852 1172; x_wconf 87' lang='lat' dir='ltr'>loco,</span> <span class='ocrx_word' id='word_1_63' title='bbox 883 1109 945 1171; x_wconf 92' lang='lat' dir='ltr'>quo</span> <span class='ocrx_word' id='word_1_64' title='bbox 981 1087 1079 1170; x_wconf 87' lang='lat' dir='ltr'>paulo</span> <span class='ocrx_word' id='word_1_65' title='bbox 1113 1090 1187 1150; x_wconf 89' lang='lat' dir='ltr'>ante</span> <span class='ocrx_word' id='word_1_66' title='bbox 1217 1089 1483 1165; x_wconf 84' lang='lat' dir='ltr'>commemoravi,</span> 
     </span>
     <span class='ocr_line' id='line_1_10' title="bbox 334 1176 1482 1263; baseline -0.002 -20"><span class='ocrx_word' id='word_1_67' title='bbox 334 1183 408 1243; x_wconf 87' lang='lat' dir='ltr'>ante</span> <span class='ocrx_word' id='word_1_68' title='bbox 427 1179 582 1263; x_wconf 90' lang='lat' dir='ltr'>oppidum</span> <span class='ocrx_word' id='word_1_69' title='bbox 603 1178 751 1243; x_wconf 90' lang='lat' dir='ltr'>constitit</span> <span class='ocrx_word' id='word_1_70' title='bbox 769 1199 818 1240; x_wconf 70' lang='lat' dir='ltr'>a*</span> <span class='ocrx_word' id='word_1_71' title='bbox 838 1198 994 1260; x_wconf 86' lang='lat' dir='ltr'>suamque</span> <span class='ocrx_word' id='word_1_72' title='bbox 1014 1176 1115 1240; x_wconf 89' lang='lat' dir='ltr'>aciem</span> <span class='ocrx_word' id='word_1_73' title='bbox 1135 1176 1274 1240; x_wconf 89' lang='lat' dir='ltr'>mediam</span> <span class='ocrx_word' id='word_1_74' title='bbox 1298 1199 1335 1241; x_wconf 89' lang='lat' dir='ltr'>eo</span> <span class='ocrx_word' id='word_1_75' title='bbox 1354 1177 1482 1261; x_wconf 89' lang='lat' dir='ltr'>oppido</span> 
     </span>
     <span class='ocr_line' id='line_1_11' title="bbox 333 1265 1539 1352; baseline 0.003 -21"><span class='ocrx_word' id='word_1_76' title='bbox 333 1268 427 1352; x_wconf 79' lang='lat' dir='ltr'>texit3</span> <span class='ocrx_word' id='word_1_77' title='bbox 455 1268 667 1352; x_wconf 88' lang='lat' dir='ltr'>dextrumque</span> <span class='ocrx_word' id='word_1_78' title='bbox 696 1267 927 1349; x_wconf 90' lang='lat' dir='ltr'>sinistrumque</span> <span class='ocrx_word' id='word_1_79' title='bbox 960 1287 1073 1345; x_wconf 90' lang='lat' dir='ltr'>cornu,</span> <span class='ocrx_word' id='word_1_80' title='bbox 1101 1265 1157 1328; x_wconf 90' lang='lat' dir='ltr'>ubi</span> <span class='ocrx_word' id='word_1_81' title='bbox 1187 1265 1349 1349; x_wconf 82' lang='lat' dir='ltr'>elephanti</span> <span class='ocrx_word' id='word_1_82' title='bbox 1371 1270 1483 1349; x_wconf 88' lang='lat' dir='ltr'>erant,</span> <span class='ocrx_word' id='word_1_83' title='bbox 1508 1288 1539 1335; x_wconf 83' lang='lat' dir='ltr'>ro</span> 
     </span>
     <span class='ocr_line' id='line_1_12' title="bbox 333 1354 1228 1440; baseline -0.002 -20"><span class='ocrx_word' id='word_1_84' title='bbox 333 1357 367 1420; x_wconf 92' lang='lat' dir='ltr'>in</span> <span class='ocrx_word' id='word_1_85' title='bbox 391 1359 566 1440; x_wconf 88' lang='lat' dir='ltr'>conspectu</span> <span class='ocrx_word' id='word_1_86' title='bbox 590 1356 743 1440; x_wconf 88' lang='lat' dir='ltr'>[patenti]</span> <span class='ocrx_word' id='word_1_87' title='bbox 768 1355 1026 1420; x_wconf 86' lang='lat' dir='ltr'>adversariorum</span> <span class='ocrx_word' id='word_1_88' title='bbox 1051 1354 1228 1419; x_wconf 88' lang='lat' dir='ltr'>constituit.</span> 
     </span>
    </p>

    <p class='ocr_par' dir='ltr' id='par_1_4' title="bbox 301 1441 1485 1529">
     <span class='ocr_line' id='line_1_13' title="bbox 301 1441 1485 1529; baseline 0.001 -21"><span class='ocrx_word' id='word_1_89' title='bbox 301 1462 313 1508; x_wconf 90' lang='lat'>1</span> <span class='ocrx_word' id='word_1_90' title='bbox 423 1443 482 1511; x_wconf 76' lang='lat'>42.</span> <span class='ocrx_word' id='word_1_91' title='bbox 517 1445 599 1510; x_wconf 93' lang='lat' dir='ltr'>Cum</span> <span class='ocrx_word' id='word_1_92' title='bbox 622 1446 688 1509; x_wconf 89' lang='lat' dir='ltr'>iam</span> <span class='ocrx_word' id='word_1_93' title='bbox 711 1467 812 1529; x_wconf 90' lang='lat' dir='ltr'>prope</span> <span class='ocrx_word' id='word_1_94' title='bbox 832 1444 910 1508; x_wconf 90' lang='lat' dir='ltr'>solis</span> <span class='ocrx_word' id='word_1_95' title='bbox 935 1465 1084 1508; x_wconf 87' lang='lat' dir='ltr'>occasum</span> <span class='ocrx_word' id='word_1_96' title='bbox 1105 1441 1223 1508; x_wconf 87' lang='lat' dir='ltr'>Caesar</span> <span class='ocrx_word' id='word_1_97' title='bbox 1242 1442 1485 1528; x_wconf 84' lang='lat' dir='ltr'>expectavisset</span> 
     </span>
    </p>
   </div>
   <div class='ocr_carea' id='block_1_3' title="bbox 332 1617 1487 1974">
    <p class='ocr_par' dir='ltr' id='par_1_5' title="bbox 332 1617 1487 1974">
     <span class='ocr_line' id='line_1_14' title="bbox 423 1617 1485 1699; baseline 0 -25"><span class='ocrx_word' id='word_1_98' title='bbox 423 1626 436 1674; x_wconf 90' lang='grc'>1</span> <span class='ocrx_word' id='word_1_99' title='bbox 458 1621 556 1674; x_wconf 83' lang='lat' dir='ltr'>aberat</span> <span class='ocrx_word' id='word_1_100' title='bbox 569 1620 597 1673; x_wconf 78' lang='lat' dir='ltr'><strong><em>A</em></strong></span> <span class='ocrx_word' id='word_1_101' title='bbox 620 1620 629 1688; x_wconf 81' lang='grc' dir='ltr'>ΙΙ</span> <span class='ocrx_word' id='word_1_102' title='bbox 651 1625 670 1672; x_wconf 85' lang='lat'>4</span> <span class='ocrx_word' id='word_1_103' title='bbox 686 1618 897 1699; x_wconf 62' lang='lat' dir='ltr'>primaquestris</span> <span class='ocrx_word' id='word_1_104' title='bbox 911 1617 939 1671; x_wconf 82' lang='lat' dir='ltr'><strong><em>A</em></strong></span> <span class='ocrx_word' id='word_1_105' title='bbox 959 1620 969 1686; x_wconf 83' lang='grc' dir='ltr'>ΙΙ</span> <span class='ocrx_word' id='word_1_106' title='bbox 991 1623 1007 1671; x_wconf 88' lang='grc'>6</span> <span class='ocrx_word' id='word_1_107' title='bbox 1026 1617 1160 1672; x_wconf 87' lang='lat' dir='ltr'>*derecta</span> <span class='ocrx_word' id='word_1_108' title='bbox 1178 1618 1287 1684; x_wconf 85' lang='lat' dir='ltr'><em>LUF;</em></span> <span class='ocrx_word' id='word_1_109' title='bbox 1306 1617 1412 1673; x_wconf 86' lang='lat' dir='ltr'>directa</span> <span class='ocrx_word' id='word_1_110' title='bbox 1424 1620 1459 1674; x_wconf 77' lang='lat' dir='ltr'><em>R</em></span> <span class='ocrx_word' id='word_1_111' title='bbox 1474 1621 1485 1693; x_wconf 73' lang='grc' dir='ltr'>ΙΙ</span> 
     </span>
     <span class='ocr_line' id='line_1_15' title="bbox 333 1689 1481 1764; baseline 0.003 -21"><span class='ocrx_word' id='word_1_112' title='bbox 333 1691 463 1760; x_wconf 85' lang='lat' dir='ltr'>inpositis</span> <span class='ocrx_word' id='word_1_113' title='bbox 477 1691 505 1744; x_wconf 86' lang='lat' dir='ltr'><strong><em>L</em></strong></span> <span class='ocrx_word' id='word_1_114' title='bbox 528 1694 536 1761; x_wconf 88' lang='grc' dir='ltr'>ΙΙ</span> <span class='ocrx_word' id='word_1_115' title='bbox 560 1696 576 1744; x_wconf 83' lang='lat'>6</span> <span class='ocrx_word' id='word_1_116' title='bbox 590 1690 814 1744; x_wconf 85' lang='lat' dir='ltr'>animadvertrm.</span> <span class='ocrx_word' id='word_1_117' title='bbox 830 1691 857 1744; x_wconf 82' lang='lat' dir='ltr'><strong><em>A</em></strong></span> <span class='ocrx_word' id='word_1_118' title='bbox 879 1692 890 1758; x_wconf 91' lang='grc' dir='ltr'>ΙΙ</span> <span class='ocrx_word' id='word_1_119' title='bbox 914 1695 928 1744; x_wconf 99' lang='grc'>7</span> <span class='ocrx_word' id='word_1_120' title='bbox 943 1691 1041 1758; x_wconf 88' lang='lat' dir='ltr'>parato</span> <span class='ocrx_word' id='word_1_121' title='bbox 1057 1689 1085 1742; x_wconf 91' lang='lat' dir='ltr'><em>P</em></span> <span class='ocrx_word' id='word_1_122' title='bbox 1094 1707 1141 1757; x_wconf 77' lang='lat' dir='ltr'>pr.</span> <span class='ocrx_word' id='word_1_123' title='bbox 1156 1707 1190 1744; x_wconf 82' lang='lat' dir='ltr'>ru.</span> <span class='ocrx_word' id='word_1_124' title='bbox 1211 1691 1221 1759; x_wconf 92' lang='lat' dir='ltr'>l</span> <span class='ocrx_word' id='word_1_125' title='bbox 1244 1689 1352 1761; x_wconf 85' lang='lat' dir='ltr'>*[certo</span> <span class='ocrx_word' id='word_1_126' title='bbox 1366 1690 1481 1764; x_wconf 88' lang='lat' dir='ltr'>animo]</span> 
     </span>
     <span class='ocr_line' id='line_1_16' title="bbox 332 1759 1486 1834; baseline -0.001 -18"><span class='ocrx_word' id='word_1_127' title='bbox 332 1763 510 1828; x_wconf 69' lang='grc'>6661661666,-</span> <span class='ocrx_word' id='word_1_128' title='bbox 529 1764 635 1816; x_wconf 88' lang='lat' dir='ltr'>certum</span> <span class='ocrx_word' id='word_1_129' title='bbox 654 1761 747 1815; x_wconf 83' lang='lat' dir='ltr'>animo</span> <span class='ocrx_word' id='word_1_130' title='bbox 762 1761 823 1815; x_wconf 89' lang='lat' dir='ltr'>LP</span> <span class='ocrx_word' id='word_1_131' title='bbox 841 1762 851 1830; x_wconf 67' lang='lat' dir='ltr'>l</span> <span class='ocrx_word' id='word_1_132' title='bbox 871 1767 887 1815; x_wconf 86' lang='lat'>8</span> <span class='ocrx_word' id='word_1_133' title='bbox 907 1761 1002 1814; x_wconf 88' lang='lat' dir='ltr'>venire</span> <span class='ocrx_word' id='word_1_134' title='bbox 1021 1760 1068 1828; x_wconf 91' lang='lat' dir='ltr'>qui</span> <span class='ocrx_word' id='word_1_135' title='bbox 1085 1761 1153 1828; x_wconf 81' lang='lat' dir='ltr'>(scit.</span> <span class='ocrx_word' id='word_1_136' title='bbox 1169 1761 1275 1828; x_wconf 79' lang='lat' dir='ltr'>Scipio)</span> <span class='ocrx_word' id='word_1_137' title='bbox 1293 1759 1321 1814; x_wconf 90' lang='lat' dir='ltr'>in</span> <span class='ocrx_word' id='word_1_138' title='bbox 1341 1777 1373 1814; x_wconf 90' lang='lat' dir='ltr'>eo</span> <span class='ocrx_word' id='word_1_139' title='bbox 1396 1761 1462 1816; x_wconf 75' lang='grc' dir='ltr'>ΠΡ</span> <span class='ocrx_word' id='word_1_140' title='bbox 1482 1765 1486 1834; x_wconf 75' lang='lat' dir='ltr'>l</span> 
     </span>
     <span class='ocr_line' id='line_1_17' title="bbox 333 1831 1487 1906; baseline -0.002 -17"><span class='ocrx_word' id='word_1_141' title='bbox 333 1839 349 1888; x_wconf 85' lang='lat'>9</span> <span class='ocrx_word' id='word_1_142' title='bbox 367 1834 429 1905; x_wconf 69' lang='lat' dir='ltr'>ss]</span> <span class='ocrx_word' id='word_1_143' title='bbox 448 1835 593 1888; x_wconf 74' lang='lat' dir='ltr'>Lacunam</span> <span class='ocrx_word' id='word_1_144' title='bbox 611 1835 718 1887; x_wconf 68' lang='lat' dir='ltr'>notauit</span> <span class='ocrx_word' id='word_1_145' title='bbox 731 1833 867 1901; x_wconf 82' lang='lat' dir='ltr'>Nipperd.</span> <span class='ocrx_word' id='word_1_146' title='bbox 888 1833 898 1902; x_wconf 75' lang='lat' dir='ltr'>ll</span> <span class='ocrx_word' id='word_1_147' title='bbox 921 1837 954 1885; x_wconf 90' lang='lat'>10</span> <span class='ocrx_word' id='word_1_148' title='bbox 973 1831 1178 1900; x_wconf 84' lang='lat' dir='ltr'>*dextrumque</span> <span class='ocrx_word' id='word_1_149' title='bbox 1195 1832 1269 1898; x_wconf 89' lang='lat' dir='ltr'>PV;</span> <span class='ocrx_word' id='word_1_150' title='bbox 1288 1833 1414 1886; x_wconf 88' lang='lat' dir='ltr'>dextrum</span> <span class='ocrx_word' id='word_1_151' title='bbox 1428 1833 1461 1888; x_wconf 87' lang='lat' dir='ltr'><em>R</em></span> <span class='ocrx_word' id='word_1_152' title='bbox 1484 1835 1487 1906; x_wconf 73' lang='lat' dir='ltr'>l</span> 
     </span>
     <span class='ocr_line' id='line_1_18' title="bbox 335 1902 1486 1974; baseline 0 -16"><span class='ocrx_word' id='word_1_153' title='bbox 335 1921 449 1958; x_wconf 88' lang='lat' dir='ltr'>cornum</span> <span class='ocrx_word' id='word_1_154' title='bbox 468 1906 494 1959; x_wconf 85' lang='lat' dir='ltr'><strong><em>A</em></strong></span> <span class='ocrx_word' id='word_1_155' title='bbox 526 1906 535 1973; x_wconf 82' lang='grc' dir='ltr'>ΙΙ</span> <span class='ocrx_word' id='word_1_156' title='bbox 567 1903 596 1958; x_wconf 82' lang='grc'>16</span> <span class='ocrx_word' id='word_1_157' title='bbox 620 1906 800 1974; x_wconf 86' lang='lat' dir='ltr'>conspectum</span> <span class='ocrx_word' id='word_1_158' title='bbox 824 1903 919 1957; x_wconf 82' lang='lat' dir='ltr'>AUF</span> <span class='ocrx_word' id='word_1_159' title='bbox 944 1903 953 1971; x_wconf 75' lang='lat' dir='ltr'>ll</span> <span class='ocrx_word' id='word_1_160' title='bbox 978 1907 1010 1954; x_wconf 94' lang='lat'>11</span> <span class='ocrx_word' id='word_1_161' title='bbox 1036 1902 1191 1974; x_wconf 79' lang='lat' dir='ltr'>*patenti]</span> <span class='ocrx_word' id='word_1_162' title='bbox 1215 1920 1265 1958; x_wconf 86' lang='lat' dir='ltr'>om.</span> <span class='ocrx_word' id='word_1_163' title='bbox 1289 1904 1330 1969; x_wconf 70' lang='grc' dir='ltr'>Α,</span> <span class='ocrx_word' id='word_1_164' title='bbox 1356 1902 1486 1972; x_wconf 81' lang='lat' dir='ltr'>patienti</span> 
     </span>
    </p>
   </div>
   <div class='ocr_carea' id='block_1_4' title="bbox 333 1903 1487 2043">
    <p class='ocr_par' dir='ltr' id='par_1_6' title="bbox 333 1903 1487 2043">
     <span class='ocr_line' id='line_1_19' title="bbox 333 1903 1487 2043; baseline 0.001 -13"><span class='ocrx_word' id='word_1_165' title='bbox 333 1976 429 2031; x_wconf 85' lang='lat' dir='ltr'>PUF</span> <span class='ocrx_word' id='word_1_166' title='bbox 439 1976 474 2042; x_wconf 88' lang='lat' dir='ltr'>V,</span> <span class='ocrx_word' id='word_1_167' title='bbox 500 1975 559 2030; x_wconf 83' lang='lat' dir='ltr'>UF</span> <span class='ocrx_word' id='word_1_168' title='bbox 576 1991 636 2030; x_wconf 82' lang='lat' dir='ltr'>cum</span> <span class='ocrx_word' id='word_1_169' title='bbox 654 1981 720 2030; x_wconf 76' lang='lat' dir='ltr'>acta</span> <span class='ocrx_word' id='word_1_170' title='bbox 738 1976 802 2030; x_wconf 79' lang='lat' dir='ltr'>vitii</span> <span class='ocrx_word' id='word_1_171' title='bbox 824 1975 833 2043; x_wconf 91' lang='grc' dir='ltr'>ΙΙ</span> <span class='ocrx_word' id='word_1_172' title='bbox 857 1980 889 2027; x_wconf 76' lang='grc'>19</span> <span class='ocrx_word' id='word_1_173' title='bbox 908 1975 964 2027; x_wconf 87' lang='lat' dir='ltr'>iam</span> <span class='ocrx_word' id='word_1_174' title='bbox 984 1989 1034 2028; x_wconf 84' lang='lat' dir='ltr'>om.</span> <span class='ocrx_word' id='word_1_175' title='bbox 1056 1903 1113 2042; x_wconf 69' lang='lat' dir='ltr'>l&#39;ss</span> <span class='ocrx_word' id='word_1_176' title='bbox 1135 1990 1222 2043; x_wconf 85' lang='lat' dir='ltr'>prope</span> <span class='ocrx_word' id='word_1_177' title='bbox 1242 1975 1277 2026; x_wconf 88' lang='lat' dir='ltr'>ad</span> <span class='ocrx_word' id='word_1_178' title='bbox 1296 1975 1361 2029; x_wconf 86' lang='lat' dir='ltr'>solis</span> <span class='ocrx_word' id='word_1_179' title='bbox 1380 1976 1487 2032; x_wconf 71' lang='lat' dir='ltr'>Novak</span> 
     </span>
    </p>
   </div>
   <div class='ocr_carea' id='block_1_5' title="bbox 263 2132 1487 4490">
    <p class='ocr_par' dir='ltr' id='par_1_7' title="bbox 332 2132 1487 3492">
     <span class='ocr_line' id='line_1_20' title="bbox 424 2132 1486 2206; baseline 0.004 -18"><span class='ocrx_word' id='word_1_180' title='bbox 424 2140 438 2188; x_wconf 95' lang='lat'>1</span> <span class='ocrx_word' id='word_1_181' title='bbox 462 2134 604 2206; x_wconf 75' lang='lat' dir='ltr'>Iulianae]</span> <span class='ocrx_word' id='word_1_182' title='bbox 625 2135 659 2191; x_wconf 88' lang='lat' dir='ltr'>of.</span> <span class='ocrx_word' id='word_1_183' title='bbox 679 2133 715 2187; x_wconf 88' lang='lat' dir='ltr'>ad</span> <span class='ocrx_word' id='word_1_184' title='bbox 736 2140 759 2202; x_wconf 99' lang='grc'>7,</span> <span class='ocrx_word' id='word_1_185' title='bbox 780 2139 804 2189; x_wconf 88' lang='grc'>6.</span> <span class='ocrx_word' id='word_1_186' title='bbox 834 2165 865 2174; x_wconf 86' lang='grc'><strong>-</strong></span> <span class='ocrx_word' id='word_1_187' title='bbox 894 2139 909 2188; x_wconf 77' lang='grc'><strong>2</strong></span> <span class='ocrx_word' id='word_1_188' title='bbox 933 2133 1046 2205; x_wconf 77' lang='lat' dir='ltr'>aquari]</span> <span class='ocrx_word' id='word_1_189' title='bbox 1066 2134 1156 2202; x_wconf 86' lang='lat' dir='ltr'>Prope</span> <span class='ocrx_word' id='word_1_190' title='bbox 1176 2132 1285 2188; x_wconf 77' lang='lat' dir='ltr'>Unitum</span> <span class='ocrx_word' id='word_1_191' title='bbox 1305 2137 1486 2204; x_wconf 85' lang='lat' dir='ltr'>praeterfluit</span> 
     </span>
     <span class='ocr_line' id='line_1_21' title="bbox 333 2203 1484 2275; baseline 0.003 -15"><span class='ocrx_word' id='word_1_192' title='bbox 333 2207 422 2274; x_wconf 86' lang='lat' dir='ltr'>rivus,</span> <span class='ocrx_word' id='word_1_193' title='bbox 448 2205 494 2260; x_wconf 91' lang='lat' dir='ltr'>cui</span> <span class='ocrx_word' id='word_1_194' title='bbox 511 2223 586 2260; x_wconf 88' lang='lat' dir='ltr'>nunc</span> <span class='ocrx_word' id='word_1_195' title='bbox 603 2222 706 2260; x_wconf 89' lang='lat' dir='ltr'>nomen</span> <span class='ocrx_word' id='word_1_196' title='bbox 725 2208 768 2260; x_wconf 87' lang='lat' dir='ltr'>est</span> <span class='ocrx_word' id='word_1_197' title='bbox 786 2205 865 2270; x_wconf 80' lang='lat' dir='ltr'>Quod</span> <span class='ocrx_word' id='word_1_198' title='bbox 884 2205 939 2260; x_wconf 83' lang='lat' dir='ltr'>Res</span> <span class='ocrx_word' id='word_1_199' title='bbox 958 2205 985 2259; x_wconf 90' lang='lat' dir='ltr'>el</span> <span class='ocrx_word' id='word_1_200' title='bbox 1003 2204 1109 2275; x_wconf 86' lang='lat' dir='ltr'>Mardj,</span> <span class='ocrx_word' id='word_1_201' title='bbox 1134 2203 1215 2273; x_wconf 89' lang='lat' dir='ltr'>aquis</span> <span class='ocrx_word' id='word_1_202' title='bbox 1238 2206 1382 2261; x_wconf 87' lang='lat' dir='ltr'>abundans</span> <span class='ocrx_word' id='word_1_203' title='bbox 1402 2224 1484 2264; x_wconf 87' lang='lat' dir='ltr'>men-</span> 
     </span>
     <span class='ocr_line' id='line_1_22' title="bbox 333 2275 1483 2347; baseline 0.001 -14"><span class='ocrx_word' id='word_1_204' title='bbox 333 2279 410 2333; x_wconf 89' lang='lat' dir='ltr'>sibus</span> <span class='ocrx_word' id='word_1_205' title='bbox 423 2277 557 2332; x_wconf 86' lang='lat' dir='ltr'>hibernis.</span> <span class='ocrx_word' id='word_1_206' title='bbox 575 2309 604 2316; x_wconf 90' lang='lat'><em>—</em></span> <span class='ocrx_word' id='word_1_207' title='bbox 621 2277 793 2347; x_wconf 66' lang='lat' dir='ltr'>staticulo]</span> <span class='ocrx_word' id='word_1_208' title='bbox 809 2277 844 2332; x_wconf 86' lang='lat' dir='ltr'>cf.</span> <span class='ocrx_word' id='word_1_209' title='bbox 859 2278 885 2331; x_wconf 93' lang='lat' dir='ltr'>b.</span> <span class='ocrx_word' id='word_1_210' title='bbox 901 2276 978 2330; x_wconf 81' lang='lat' dir='ltr'>Alex.</span> <span class='ocrx_word' id='word_1_211' title='bbox 996 2283 1039 2340; x_wconf 85' lang='grc'>37,</span> <span class='ocrx_word' id='word_1_212' title='bbox 1054 2283 1070 2330; x_wconf 87' lang='grc'>3</span> <span class='ocrx_word' id='word_1_213' title='bbox 1086 2275 1175 2330; x_wconf 86' lang='lat' dir='ltr'>aciem</span> <span class='ocrx_word' id='word_1_214' title='bbox 1190 2275 1322 2332; x_wconf 83' lang='lat' dir='ltr'>instruxit</span> <span class='ocrx_word' id='word_1_215' title='bbox 1336 2295 1386 2333; x_wconf 88' lang='lat' dir='ltr'>suo</span> <span class='ocrx_word' id='word_1_216' title='bbox 1402 2297 1483 2334; x_wconf 87' lang='lat' dir='ltr'>more</span> 
     </span>
     <span class='ocr_line' id='line_1_23' title="bbox 334 2347 1485 2420; baseline 0.003 -16"><span class='ocrx_word' id='word_1_217' title='bbox 334 2351 419 2419; x_wconf 88' lang='lat' dir='ltr'>atque</span> <span class='ocrx_word' id='word_1_218' title='bbox 437 2347 576 2404; x_wconf 87' lang='lat' dir='ltr'>instituto.</span> <span class='ocrx_word' id='word_1_219' title='bbox 596 2380 630 2389; x_wconf 93' lang='lat'><em>-</em></span> <span class='ocrx_word' id='word_1_220' title='bbox 654 2353 670 2402; x_wconf 83' lang='grc'>6</span> <span class='ocrx_word' id='word_1_221' title='bbox 690 2348 843 2419; x_wconf 80' lang='lat' dir='ltr'>turmatim]</span> <span class='ocrx_word' id='word_1_222' title='bbox 862 2348 897 2402; x_wconf 89' lang='lat' dir='ltr'>cf.</span> <span class='ocrx_word' id='word_1_223' title='bbox 917 2349 952 2401; x_wconf 85' lang='lat' dir='ltr'>ad</span> <span class='ocrx_word' id='word_1_224' title='bbox 972 2353 1015 2414; x_wconf 78' lang='lat'>32,</span> <span class='ocrx_word' id='word_1_225' title='bbox 1034 2354 1059 2402; x_wconf 84' lang='lat'>3.</span> <span class='ocrx_word' id='word_1_226' title='bbox 1083 2378 1118 2387; x_wconf 93' lang='lat'>-</span> <span class='ocrx_word' id='word_1_227' title='bbox 1142 2349 1303 2420; x_wconf 77' lang='lat' dir='ltr'>elephantis]</span> <span class='ocrx_word' id='word_1_228' title='bbox 1322 2366 1392 2418; x_wconf 91' lang='lat' dir='ltr'>quos</span> <span class='ocrx_word' id='word_1_229' title='bbox 1411 2350 1485 2408; x_wconf 82' lang='lat' dir='ltr'>Iuba</span> 
     </span>
     <span class='ocr_line' id='line_1_24' title="bbox 335 2419 1484 2491; baseline 0 -15"><span class='ocrx_word' id='word_1_230' title='bbox 335 2420 460 2491; x_wconf 81' lang='lat' dir='ltr'>Scipioni</span> <span class='ocrx_word' id='word_1_231' title='bbox 479 2421 634 2490; x_wconf 86' lang='lat' dir='ltr'>reliquerat</span> <span class='ocrx_word' id='word_1_232' title='bbox 652 2420 776 2474; x_wconf 90' lang='lat' dir='ltr'>nondum</span> <span class='ocrx_word' id='word_1_233' title='bbox 794 2419 1013 2474; x_wconf 86' lang='lat' dir='ltr'>condocefactos.</span> <span class='ocrx_word' id='word_1_234' title='bbox 1041 2449 1073 2458; x_wconf 99' lang='lat'>-</span> <span class='ocrx_word' id='word_1_235' title='bbox 1097 2419 1224 2490; x_wconf 66' lang='lat' dir='ltr'>turmis]</span> <span class='ocrx_word' id='word_1_236' title='bbox 1244 2421 1276 2474; x_wconf 91' lang='lat' dir='ltr'>ut</span> <span class='ocrx_word' id='word_1_237' title='bbox 1294 2426 1336 2488; x_wconf 88' lang='grc'>30,</span> <span class='ocrx_word' id='word_1_238' title='bbox 1355 2427 1384 2490; x_wconf 77' lang='lat'>23</span> <span class='ocrx_word' id='word_1_239' title='bbox 1404 2421 1484 2478; x_wconf 88' lang='lat' dir='ltr'>ultro</span> 
     </span>
     <span class='ocr_line' id='line_1_25' title="bbox 334 2489 1483 2561; baseline -0.001 -13"><span class='ocrx_word' id='word_1_240' title='bbox 334 2495 428 2548; x_wconf 86' lang='lat' dir='ltr'>autem</span> <span class='ocrx_word' id='word_1_241' title='bbox 454 2491 630 2561; x_wconf 76' lang='lat' dir='ltr'>intellegitur</span> <span class='ocrx_word' id='word_1_242' title='bbox 657 2492 871 2560; x_wconf 86' lang='lat' dir='ltr'>elephantorum</span> <span class='ocrx_word' id='word_1_243' title='bbox 896 2491 1021 2545; x_wconf 88' lang='lat' dir='ltr'>turribus</span> <span class='ocrx_word' id='word_1_244' title='bbox 1043 2489 1243 2545; x_wconf 87' lang='lat' dir='ltr'>instructorum</span> <span class='ocrx_word' id='word_1_245' title='bbox 1266 2491 1374 2546; x_wconf 91' lang='lat' dir='ltr'>nullum</span> <span class='ocrx_word' id='word_1_246' title='bbox 1394 2493 1483 2548; x_wconf 85' lang='lat' dir='ltr'>fuisse</span> 
     </span>
     <span class='ocr_line' id='line_1_26' title="bbox 333 2561 1484 2633; baseline 0.001 -15"><span class='ocrx_word' id='word_1_247' title='bbox 333 2582 414 2619; x_wconf 89' lang='lat' dir='ltr'>usum</span> <span class='ocrx_word' id='word_1_248' title='bbox 429 2565 483 2619; x_wconf 92' lang='lat' dir='ltr'>nisi</span> <span class='ocrx_word' id='word_1_249' title='bbox 502 2563 643 2633; x_wconf 84' lang='lat' dir='ltr'>impositis</span> <span class='ocrx_word' id='word_1_250' title='bbox 658 2564 688 2617; x_wconf 91' lang='lat' dir='ltr'>et</span> <span class='ocrx_word' id='word_1_251' title='bbox 705 2562 861 2617; x_wconf 89' lang='lat' dir='ltr'>rectoribus</span> <span class='ocrx_word' id='word_1_252' title='bbox 875 2563 904 2616; x_wconf 93' lang='lat' dir='ltr'>et</span> <span class='ocrx_word' id='word_1_253' title='bbox 921 2563 1177 2631; x_wconf 83' lang='lat' dir='ltr'>propugnatoribus</span> <span class='ocrx_word' id='word_1_254' title='bbox 1196 2561 1277 2632; x_wconf 89' lang='lat' dir='ltr'>(Plin.</span> <span class='ocrx_word' id='word_1_255' title='bbox 1292 2581 1318 2616; x_wconf 92' lang='lat' dir='ltr'>n.</span> <span class='ocrx_word' id='word_1_256' title='bbox 1334 2566 1360 2617; x_wconf 91' lang='lat' dir='ltr'>h.</span> <span class='ocrx_word' id='word_1_257' title='bbox 1377 2571 1402 2630; x_wconf 88' lang='grc'>8,</span> <span class='ocrx_word' id='word_1_258' title='bbox 1417 2570 1484 2631; x_wconf 80' lang='lat'>22):</span> 
     </span>
     <span class='ocr_line' id='line_1_27' title="bbox 334 2628 1483 2704; baseline 0.001 -15"><span class='ocrx_word' id='word_1_259' title='bbox 334 2652 420 2704; x_wconf 87' lang='lat' dir='ltr'>quare</span> <span class='ocrx_word' id='word_1_260' title='bbox 441 2635 656 2703; x_wconf 81' lang='lat' dir='ltr'>‘armatisque&#39;,</span> <span class='ocrx_word' id='word_1_261' title='bbox 681 2634 756 2704; x_wconf 89' lang='lat' dir='ltr'>quod</span> <span class='ocrx_word' id='word_1_262' title='bbox 775 2633 828 2688; x_wconf 88' lang='lat' dir='ltr'>nisi</span> <span class='ocrx_word' id='word_1_263' title='bbox 847 2651 897 2702; x_wconf 92' lang='lat' dir='ltr'>per</span> <span class='ocrx_word' id='word_1_264' title='bbox 915 2634 1034 2703; x_wconf 85' lang='lat' dir='ltr'>figuram</span> <span class='ocrx_word' id='word_1_265' title='bbox 1053 2628 1170 2702; x_wconf 74' lang='lat' dir='ltr'>deaeque</span> <span class='ocrx_word' id='word_1_266' title='bbox 1188 2633 1325 2703; x_wconf 78' lang='grc' dir='ltr'><strong><em>πρότερον</em></strong></span> <span class='ocrx_word' id='word_1_267' title='bbox 1346 2637 1483 2704; x_wconf 82' lang='lat' dir='ltr'>scriptum</span> 
     </span>
     <span class='ocr_line' id='line_1_28' title="bbox 334 2705 1482 2775; baseline 0.003 -15"><span class='ocrx_word' id='word_1_268' title='bbox 334 2723 394 2760; x_wconf 89' lang='lat' dir='ltr'>esse</span> <span class='ocrx_word' id='word_1_269' title='bbox 409 2708 502 2775; x_wconf 89' lang='lat' dir='ltr'>putes,</span> <span class='ocrx_word' id='word_1_270' title='bbox 517 2709 616 2775; x_wconf 87' lang='lat' dir='ltr'>utpote</span> <span class='ocrx_word' id='word_1_271' title='bbox 630 2722 717 2775; x_wconf 88' lang='lat' dir='ltr'>pravo</span> <span class='ocrx_word' id='word_1_272' title='bbox 732 2706 794 2760; x_wconf 87' lang='lat' dir='ltr'>loeo</span> <span class='ocrx_word' id='word_1_273' title='bbox 809 2705 986 2774; x_wconf 85' lang='lat' dir='ltr'>collocatum,</span> <span class='ocrx_word' id='word_1_274' title='bbox 1001 2721 1052 2772; x_wconf 90' lang='lat' dir='ltr'>pro</span> <span class='ocrx_word' id='word_1_275' title='bbox 1067 2705 1237 2772; x_wconf 83' lang='lat' dir='ltr'>glossemate</span> <span class='ocrx_word' id='word_1_276' title='bbox 1247 2706 1408 2760; x_wconf 89' lang='lat' dir='ltr'>habendum</span> <span class='ocrx_word' id='word_1_277' title='bbox 1418 2725 1482 2763; x_wconf 87' lang='lat' dir='ltr'>esse</span> 
     </span>
     <span class='ocr_line' id='line_1_29' title="bbox 334 2775 1482 2848; baseline 0.001 -16"><span class='ocrx_word' id='word_1_278' title='bbox 334 2779 500 2832; x_wconf 87' lang='lat' dir='ltr'>censuimus.</span> <span class='ocrx_word' id='word_1_279' title='bbox 528 2809 559 2816; x_wconf 94' lang='lat'><strong>—</strong></span> <span class='ocrx_word' id='word_1_280' title='bbox 590 2779 765 2846; x_wconf 71' lang='lat' dir='ltr'>coappetius</span> <span class='ocrx_word' id='word_1_281' title='bbox 783 2777 835 2848; x_wconf 79' lang='lat' dir='ltr'>ire]</span> <span class='ocrx_word' id='word_1_282' title='bbox 860 2777 919 2832; x_wconf 90' lang='lat' dir='ltr'>scil.</span> <span class='ocrx_word' id='word_1_283' title='bbox 939 2775 1044 2845; x_wconf 91' lang='lat' dir='ltr'>oppido</span> <span class='ocrx_word' id='word_1_284' title='bbox 1063 2775 1173 2831; x_wconf 82' lang='lat' dir='ltr'>Uzitae:</span> <span class='ocrx_word' id='word_1_285' title='bbox 1198 2777 1232 2831; x_wconf 89' lang='lat' dir='ltr'>de</span> <span class='ocrx_word' id='word_1_286' title='bbox 1259 2776 1355 2832; x_wconf 87' lang='lat' dir='ltr'>dativo</span> <span class='ocrx_word' id='word_1_287' title='bbox 1375 2779 1482 2833; x_wconf 84' lang='lat' dir='ltr'>omisso</span> 
     </span>
     <span class='ocr_line' id='line_1_30' title="bbox 334 2846 1487 2919; baseline 0.002 -17"><span class='ocrx_word' id='word_1_288' title='bbox 334 2847 370 2903; x_wconf 83' lang='lat' dir='ltr'>cf.</span> <span class='ocrx_word' id='word_1_289' title='bbox 390 2853 433 2916; x_wconf 78' lang='lat'>25,</span> <span class='ocrx_word' id='word_1_290' title='bbox 455 2855 478 2902; x_wconf 92' lang='lat'>1.</span> <span class='ocrx_word' id='word_1_291' title='bbox 497 2878 530 2888; x_wconf 94' lang='lat'><em>-</em></span> <span class='ocrx_word' id='word_1_292' title='bbox 558 2855 573 2902; x_wconf 91' lang='grc'>7</span> <span class='ocrx_word' id='word_1_293' title='bbox 593 2850 631 2903; x_wconf 83' lang='lat' dir='ltr'>ud</span> <span class='ocrx_word' id='word_1_294' title='bbox 648 2848 687 2919; x_wconf 85' lang='lat' dir='ltr'>ee]</span> <span class='ocrx_word' id='word_1_295' title='bbox 707 2847 841 2902; x_wconf 87' lang='lat' dir='ltr'>adversus</span> <span class='ocrx_word' id='word_1_296' title='bbox 860 2865 896 2902; x_wconf 86' lang='lat' dir='ltr'>se.</span> <span class='ocrx_word' id='word_1_297' title='bbox 936 2846 1011 2901; x_wconf 87' lang='lat' dir='ltr'>Caes.</span> <span class='ocrx_word' id='word_1_298' title='bbox 1032 2852 1057 2913; x_wconf 80' lang='grc'>3,</span> <span class='ocrx_word' id='word_1_299' title='bbox 1079 2854 1103 2914; x_wconf 86' lang='grc'>6,</span> <span class='ocrx_word' id='word_1_300' title='bbox 1122 2853 1140 2900; x_wconf 78' lang='grc'>4</span> <span class='ocrx_word' id='word_1_301' title='bbox 1158 2847 1308 2916; x_wconf 77' lang='lat' dir='ltr'>Belgarum</span> <span class='ocrx_word' id='word_1_302' title='bbox 1327 2848 1424 2918; x_wconf 85' lang='lat' dir='ltr'>copies</span> <span class='ocrx_word' id='word_1_303' title='bbox 1445 2853 1487 2910; x_wconf 77' lang='lat' dir='ltr'>ad,</span> 
     </span>
     <span class='ocr_line' id='line_1_31' title="bbox 334 2917 1481 2989; baseline 0.003 -17"><span class='ocrx_word' id='word_1_304' title='bbox 334 2917 485 2974; x_wconf 81' lang='lat' dir='ltr'>revenire.</span> <span class='ocrx_word' id='word_1_305' title='bbox 515 2950 547 2958; x_wconf 93' lang='lat'>-</span> <span class='ocrx_word' id='word_1_306' title='bbox 573 2925 706 2988; x_wconf 77' lang='lat' dir='ltr'>paratam</span> <span class='ocrx_word' id='word_1_307' title='bbox 725 2925 796 2974; x_wconf 88' lang='lat' dir='ltr'>certo</span> <span class='ocrx_word' id='word_1_308' title='bbox 816 2919 921 2989; x_wconf 80' lang='lat' dir='ltr'>auimo]</span> <span class='ocrx_word' id='word_1_309' title='bbox 945 2918 1055 2972; x_wconf 90' lang='lat' dir='ltr'>Dicitur</span> <span class='ocrx_word' id='word_1_310' title='bbox 1079 2918 1191 2986; x_wconf 87' lang='lat' dir='ltr'>quidem</span> <span class='ocrx_word' id='word_1_311' title='bbox 1213 2918 1323 2974; x_wconf 79' lang='lat' dir='ltr'>‘animo</span> <span class='ocrx_word' id='word_1_312' title='bbox 1341 2920 1378 2974; x_wconf 89' lang='lat' dir='ltr'>ad</span> <span class='ocrx_word' id='word_1_313' title='bbox 1397 2922 1481 2975; x_wconf 90' lang='lat' dir='ltr'>dimi-</span> 
     </span>
     <span class='ocr_line' id='line_1_32' title="bbox 335 2990 1481 3060; baseline 0.003 -16"><span class='ocrx_word' id='word_1_314' title='bbox 335 2991 467 3057; x_wconf 76' lang='lat' dir='ltr'>candum,</span> <span class='ocrx_word' id='word_1_315' title='bbox 495 2990 688 3060; x_wconf 88' lang='lat' dir='ltr'>proeliandum</span> <span class='ocrx_word' id='word_1_316' title='bbox 714 2991 855 3059; x_wconf 87' lang='lat' dir='ltr'>paratus’‚</span> <span class='ocrx_word' id='word_1_317' title='bbox 884 2990 962 3044; x_wconf 87' lang='lat' dir='ltr'>Caes.</span> <span class='ocrx_word' id='word_1_318' title='bbox 990 2995 1019 3057; x_wconf 93' lang='grc'>7,</span> <span class='ocrx_word' id='word_1_319' title='bbox 1043 2995 1089 3056; x_wconf 88' lang='grc'>19,</span> <span class='ocrx_word' id='word_1_320' title='bbox 1113 2996 1139 3044; x_wconf 52' lang='grc'>36</span> <span class='ocrx_word' id='word_1_321' title='bbox 1175 2990 1214 3044; x_wconf 89' lang='lat'>111</span> <span class='ocrx_word' id='word_1_322' title='bbox 1242 2996 1291 3057; x_wconf 83' lang='lat'>85,</span> <span class='ocrx_word' id='word_1_323' title='bbox 1317 2998 1350 3057; x_wconf 79' lang='lat'>43</span> <span class='ocrx_word' id='word_1_324' title='bbox 1386 2992 1481 3048; x_wconf 80' lang='lat' dir='ltr'>‘certo</span> 
     </span>
     <span class='ocr_line' id='line_1_33' title="bbox 335 3059 1482 3130; baseline 0.003 -14"><span class='ocrx_word' id='word_1_325' title='bbox 335 3061 445 3116; x_wconf 91' lang='lat' dir='ltr'>animo’</span> <span class='ocrx_word' id='word_1_326' title='bbox 475 3065 569 3116; x_wconf 88' lang='lat' dir='ltr'>autem</span> <span class='ocrx_word' id='word_1_327' title='bbox 597 3063 633 3117; x_wconf 87' lang='lat' dir='ltr'>ab</span> <span class='ocrx_word' id='word_1_328' title='bbox 663 3061 762 3116; x_wconf 88' lang='lat' dir='ltr'>eodem</span> <span class='ocrx_word' id='word_1_329' title='bbox 790 3061 917 3116; x_wconf 87' lang='lat' dir='ltr'>additum</span> <span class='ocrx_word' id='word_1_330' title='bbox 948 3077 1007 3116; x_wconf 89' lang='lat' dir='ltr'>esse</span> <span class='ocrx_word' id='word_1_331' title='bbox 1035 3059 1159 3130; x_wconf 83' lang='lat' dir='ltr'>videtur,</span> <span class='ocrx_word' id='word_1_332' title='bbox 1188 3062 1236 3130; x_wconf 87' lang='lat' dir='ltr'>qui</span> <span class='ocrx_word' id='word_1_333' title='bbox 1260 3068 1303 3130; x_wconf 90' lang='grc'>33,</span> <span class='ocrx_word' id='word_1_334' title='bbox 1328 3069 1341 3116; x_wconf 89' lang='grc'>1</span> <span class='ocrx_word' id='word_1_335' title='bbox 1366 3061 1482 3120; x_wconf 82' lang='lat' dir='ltr'>inversa</span> 
     </span>
     <span class='ocr_line' id='line_1_34' title="bbox 332 3132 1480 3205; baseline 0.003 -19"><span class='ocrx_word' id='word_1_336' title='bbox 332 3132 442 3188; x_wconf 88' lang='lat' dir='ltr'>ratione</span> <span class='ocrx_word' id='word_1_337' title='bbox 459 3134 494 3187; x_wconf 86' lang='lat' dir='ltr'>ad</span> <span class='ocrx_word' id='word_1_338' title='bbox 511 3133 627 3188; x_wconf 81' lang='lat' dir='ltr'>‘libenti</span> <span class='ocrx_word' id='word_1_339' title='bbox 641 3132 751 3187; x_wconf 87' lang='lat' dir='ltr'>animo’</span> <span class='ocrx_word' id='word_1_340' title='bbox 769 3132 919 3202; x_wconf 87' lang='lat' dir='ltr'>adscripsit</span> <span class='ocrx_word' id='word_1_341' title='bbox 933 3133 1089 3200; x_wconf 56' lang='lat' dir='ltr'>‘parciora</span> <span class='ocrx_word' id='word_1_342' title='bbox 1104 3163 1138 3172; x_wconf 93' lang='lat'><em>-</em></span> <span class='ocrx_word' id='word_1_343' title='bbox 1153 3137 1169 3186; x_wconf 88' lang='lat'>8</span> <span class='ocrx_word' id='word_1_344' title='bbox 1188 3134 1253 3205; x_wconf 83' lang='lat' dir='ltr'>qao]</span> <span class='ocrx_word' id='word_1_345' title='bbox 1268 3151 1319 3203; x_wconf 89' lang='lat' dir='ltr'>per</span> <span class='ocrx_word' id='word_1_346' title='bbox 1332 3136 1480 3190; x_wconf 85' lang='lat' dir='ltr'>attractio-</span> 
     </span>
     <span class='ocr_line' id='line_1_35' title="bbox 333 3203 1480 3277; baseline 0.003 -19"><span class='ocrx_word' id='word_1_347' title='bbox 333 3222 398 3258; x_wconf 89' lang='lat' dir='ltr'>nem</span> <span class='ocrx_word' id='word_1_348' title='bbox 414 3231 447 3250; x_wconf 92' lang='lat'>=</span> <span class='ocrx_word' id='word_1_349' title='bbox 464 3221 560 3271; x_wconf 89' lang='lat' dir='ltr'>quem;</span> <span class='ocrx_word' id='word_1_350' title='bbox 588 3204 648 3259; x_wconf 86' lang='lat' dir='ltr'>Ter.</span> <span class='ocrx_word' id='word_1_351' title='bbox 669 3205 769 3258; x_wconf 88' lang='lat' dir='ltr'>Heaut.</span> <span class='ocrx_word' id='word_1_352' title='bbox 785 3210 818 3260; x_wconf 90' lang='grc'>87</span> <span class='ocrx_word' id='word_1_353' title='bbox 838 3204 891 3258; x_wconf 87' lang='lat' dir='ltr'>hae</span> <span class='ocrx_word' id='word_1_354' title='bbox 906 3221 1003 3270; x_wconf 79' lang='lat' dir='ltr'>causa,</span> <span class='ocrx_word' id='word_1_355' title='bbox 1023 3221 1079 3271; x_wconf 89' lang='lat' dir='ltr'>qua</span> <span class='ocrx_word' id='word_1_356' title='bbox 1093 3203 1151 3257; x_wconf 84' lang='lat' dir='ltr'>dixi</span> <span class='ocrx_word' id='word_1_357' title='bbox 1170 3204 1231 3258; x_wconf 89' lang='lat' dir='ltr'>tibi.</span> <span class='ocrx_word' id='word_1_358' title='bbox 1253 3237 1283 3244; x_wconf 99' lang='lat'><em>-</em></span> <span class='ocrx_word' id='word_1_359' title='bbox 1300 3207 1388 3275; x_wconf 83' lang='lat' dir='ltr'>paulo</span> <span class='ocrx_word' id='word_1_360' title='bbox 1402 3208 1480 3277; x_wconf 79' lang='lat' dir='ltr'>uate]</span> 
     </span>
     <span class='ocr_line' id='line_1_36' title="bbox 334 3275 1480 3346; baseline 0.003 -18"><span class='ocrx_word' id='word_1_361' title='bbox 334 3281 399 3342; x_wconf 67' lang='lat'>52,</span> <span class='ocrx_word' id='word_1_362' title='bbox 417 3277 450 3329; x_wconf 92' lang='lat' dir='ltr'>ut</span> <span class='ocrx_word' id='word_1_363' title='bbox 471 3282 513 3343; x_wconf 81' lang='lat'>24,</span> <span class='ocrx_word' id='word_1_364' title='bbox 533 3283 549 3329; x_wconf 77' lang='lat'>2</span> <span class='ocrx_word' id='word_1_365' title='bbox 572 3277 658 3345; x_wconf 85' lang='lat' dir='ltr'>paulo</span> <span class='ocrx_word' id='word_1_366' title='bbox 682 3280 746 3330; x_wconf 87' lang='lat' dir='ltr'>ante</span> <span class='ocrx_word' id='word_1_367' title='bbox 766 3275 1020 3330; x_wconf 84' lang='lat' dir='ltr'>demonstravimus</span> <span class='ocrx_word' id='word_1_368' title='bbox 1039 3301 1073 3319; x_wconf 94' lang='lat'>=</span> <span class='ocrx_word' id='word_1_369' title='bbox 1092 3281 1135 3342; x_wconf 81' lang='lat'>20,</span> <span class='ocrx_word' id='word_1_370' title='bbox 1154 3282 1183 3342; x_wconf 77' lang='lat'>2;</span> <span class='ocrx_word' id='word_1_371' title='bbox 1203 3282 1245 3344; x_wconf 93' lang='grc'>96,</span> <span class='ocrx_word' id='word_1_372' title='bbox 1265 3282 1280 3329; x_wconf 78' lang='grc'>9</span> <span class='ocrx_word' id='word_1_373' title='bbox 1300 3294 1327 3346; x_wconf 94' lang='lat' dir='ltr'>p.</span> <span class='ocrx_word' id='word_1_374' title='bbox 1346 3295 1370 3332; x_wconf 90' lang='lat' dir='ltr'>a.</span> <span class='ocrx_word' id='word_1_375' title='bbox 1390 3278 1480 3332; x_wconf 88' lang='lat' dir='ltr'>nomi-</span> 
     </span>
     <span class='ocr_line' id='line_1_37' title="bbox 333 3345 1479 3417; baseline 0.002 -17"><span class='ocrx_word' id='word_1_376' title='bbox 333 3345 400 3402; x_wconf 88' lang='lat' dir='ltr'>navi</span> <span class='ocrx_word' id='word_1_377' title='bbox 420 3372 453 3394; x_wconf 86' lang='lat'>=</span> <span class='ocrx_word' id='word_1_378' title='bbox 473 3352 516 3415; x_wconf 87' lang='grc'>96,</span> <span class='ocrx_word' id='word_1_379' title='bbox 537 3354 565 3414; x_wconf 75' lang='grc'>1,</span> <span class='ocrx_word' id='word_1_380' title='bbox 593 3365 611 3402; x_wconf 85' lang='lat' dir='ltr'>a</span> <span class='ocrx_word' id='word_1_381' title='bbox 639 3364 694 3415; x_wconf 91' lang='lat' dir='ltr'>quo</span> <span class='ocrx_word' id='word_1_382' title='bbox 721 3347 788 3416; x_wconf 87' lang='lat' dir='ltr'>quid</span> <span class='ocrx_word' id='word_1_383' title='bbox 814 3345 927 3400; x_wconf 84' lang='lat' dir='ltr'>differat</span> <span class='ocrx_word' id='word_1_384' title='bbox 952 3349 1031 3412; x_wconf 81' lang='lat' dir='ltr'>ante,</span> <span class='ocrx_word' id='word_1_385' title='bbox 1059 3345 1096 3399; x_wconf 87' lang='lat' dir='ltr'>ad</span> <span class='ocrx_word' id='word_1_386' title='bbox 1122 3352 1169 3417; x_wconf 82' lang='lat'>34,</span> <span class='ocrx_word' id='word_1_387' title='bbox 1195 3355 1208 3400; x_wconf 90' lang='lat'>1</span> <span class='ocrx_word' id='word_1_388' title='bbox 1236 3349 1425 3416; x_wconf 83' lang='lat' dir='ltr'>exposuimus.</span> <span class='ocrx_word' id='word_1_389' title='bbox 1448 3381 1479 3388; x_wconf 93' lang='lat'>—</span> 
     </span>
     <span class='ocr_line' id='line_1_38' title="bbox 335 3417 1480 3492; baseline 0.002 -19"><span class='ocrx_word' id='word_1_390' title='bbox 335 3424 350 3473; x_wconf 82' lang='lat'>9</span> <span class='ocrx_word' id='word_1_391' title='bbox 368 3435 498 3489; x_wconf 79' lang='lat' dir='ltr'>suamquc</span> <span class='ocrx_word' id='word_1_392' title='bbox 516 3419 613 3492; x_wconf 65' lang='lat' dir='ltr'>aman]</span> <span class='ocrx_word' id='word_1_393' title='bbox 633 3419 662 3473; x_wconf 86' lang='lat' dir='ltr'>et</span> <span class='ocrx_word' id='word_1_394' title='bbox 679 3436 750 3488; x_wconf 89' lang='lat' dir='ltr'>quae</span> <span class='ocrx_word' id='word_1_395' title='bbox 769 3419 923 3486; x_wconf 88' lang='lat' dir='ltr'>sequuntur</span> <span class='ocrx_word' id='word_1_396' title='bbox 942 3419 978 3472; x_wconf 87' lang='lat' dir='ltr'>ad</span> <span class='ocrx_word' id='word_1_397' title='bbox 997 3417 1155 3486; x_wconf 87' lang='lat' dir='ltr'>Scipionem</span> <span class='ocrx_word' id='word_1_398' title='bbox 1174 3417 1314 3487; x_wconf 88' lang='lat' dir='ltr'>pertinere</span> <span class='ocrx_word' id='word_1_399' title='bbox 1332 3418 1361 3473; x_wconf 90' lang='lat' dir='ltr'>in</span> <span class='ocrx_word' id='word_1_400' title='bbox 1380 3422 1480 3490; x_wconf 87' lang='lat' dir='ltr'>aperto</span> 
     </span>
    </p>

    <p class='ocr_par' dir='ltr' id='par_1_8' title="bbox 263 3488 1481 4131">
     <span class='ocr_line' id='line_1_39' title="bbox 263 3488 1480 3560; baseline 0.002 -17"><span class='ocrx_word' id='word_1_401' title='bbox 263 3527 265 3532; x_wconf 78' lang='lat'><em>·</em></span> <span class='ocrx_word' id='word_1_402' title='bbox 335 3491 391 3556; x_wconf 83' lang='lat' dir='ltr'>est;</span> <span class='ocrx_word' id='word_1_403' title='bbox 419 3508 509 3560; x_wconf 89' lang='lat' dir='ltr'>neque</span> <span class='ocrx_word' id='word_1_404' title='bbox 535 3491 629 3545; x_wconf 88' lang='lat' dir='ltr'>tamen</span> <span class='ocrx_word' id='word_1_405' title='bbox 654 3492 742 3545; x_wconf 82' lang='lat' dir='ltr'>verba</span> <span class='ocrx_word' id='word_1_406' title='bbox 767 3491 980 3560; x_wconf 82' lang='lat' dir='ltr'>paragraph02</span> <span class='ocrx_word' id='word_1_407' title='bbox 1008 3488 1175 3558; x_wconf 80' lang='lat' dir='ltr'>subiungere</span> <span class='ocrx_word' id='word_1_408' title='bbox 1201 3490 1282 3556; x_wconf 89' lang='lat' dir='ltr'>lieet,</span> <span class='ocrx_word' id='word_1_409' title='bbox 1311 3491 1377 3559; x_wconf 92' lang='lat' dir='ltr'>quia</span> <span class='ocrx_word' id='word_1_410' title='bbox 1403 3493 1480 3560; x_wconf 89' lang='lat' dir='ltr'>quod</span> 
     </span>
     <span class='ocr_line' id='line_1_40' title="bbox 334 3560 1480 3631; baseline 0.002 -17"><span class='ocrx_word' id='word_1_411' title='bbox 334 3562 469 3631; x_wconf 88' lang='lat' dir='ltr'>scriptum</span> <span class='ocrx_word' id='word_1_412' title='bbox 488 3563 531 3615; x_wconf 88' lang='lat' dir='ltr'>est</span> <span class='ocrx_word' id='word_1_413' title='bbox 549 3567 564 3628; x_wconf 65' lang='grc' dir='ltr'><strong>ξ</strong></span> <span class='ocrx_word' id='word_1_414' title='bbox 584 3569 599 3616; x_wconf 88' lang='grc'>3</span> <span class='ocrx_word' id='word_1_415' title='bbox 621 3562 674 3614; x_wconf 85' lang='lat' dir='ltr'>‘ad</span> <span class='ocrx_word' id='word_1_416' title='bbox 693 3561 885 3615; x_wconf 87' lang='lat' dir='ltr'>dimicandum</span> <span class='ocrx_word' id='word_1_417' title='bbox 903 3563 1035 3630; x_wconf 88' lang='lat' dir='ltr'>paratum</span> <span class='ocrx_word' id='word_1_418' title='bbox 1053 3561 1163 3615; x_wconf 89' lang='lat' dir='ltr'>venire’</span> <span class='ocrx_word' id='word_1_419' title='bbox 1185 3560 1291 3630; x_wconf 90' lang='lat' dir='ltr'>optime</span> <span class='ocrx_word' id='word_1_420' title='bbox 1309 3563 1431 3616; x_wconf 89' lang='lat' dir='ltr'>refertur</span> <span class='ocrx_word' id='word_1_421' title='bbox 1444 3564 1480 3617; x_wconf 85' lang='lat' dir='ltr'>ad</span> 
     </span>
     <span class='ocr_line' id='line_1_41' title="bbox 336 3631 1480 3703; baseline 0.004 -18"><span class='ocrx_word' id='word_1_422' title='bbox 336 3633 496 3703; x_wconf 80' lang='lat' dir='ltr'>‘suppetias</span> <span class='ocrx_word' id='word_1_423' title='bbox 511 3633 567 3686; x_wconf 87' lang='lat' dir='ltr'>irc’</span> <span class='ocrx_word' id='word_1_424' title='bbox 588 3639 647 3700; x_wconf 66' lang='lat'>52,</span> <span class='ocrx_word' id='word_1_425' title='bbox 667 3635 776 3702; x_wconf 83' lang='lat' dir='ltr'>pugnat</span> <span class='ocrx_word' id='word_1_426' title='bbox 789 3650 852 3687; x_wconf 90' lang='lat' dir='ltr'>cum</span> <span class='ocrx_word' id='word_1_427' title='bbox 869 3633 971 3688; x_wconf 80' lang='lat' dir='ltr'>‘texit’</span> <span class='ocrx_word' id='word_1_428' title='bbox 989 3635 1017 3686; x_wconf 90' lang='lat' dir='ltr'>et</span> <span class='ocrx_word' id='word_1_429' title='bbox 1033 3631 1218 3687; x_wconf 79' lang='lat' dir='ltr'>‘constituit’.</span> <span class='ocrx_word' id='word_1_430' title='bbox 1235 3665 1268 3672; x_wconf 99' lang='lat'><em>-</em></span> <span class='ocrx_word' id='word_1_431' title='bbox 1290 3638 1323 3686; x_wconf 87' lang='lat'>10</span> <span class='ocrx_word' id='word_1_432' title='bbox 1341 3635 1480 3690; x_wconf 77' lang='lat' dir='ltr'>dextrum·</span> 
     </span>
     <span class='ocr_line' id='line_1_42' title="bbox 334 3703 1480 3778; baseline 0.002 -20"><span class='ocrx_word' id='word_1_433' title='bbox 334 3721 384 3773; x_wconf 78' lang='lat' dir='ltr'>quc</span> <span class='ocrx_word' id='word_1_434' title='bbox 401 3703 435 3774; x_wconf 81' lang='grc'>6.]</span> <span class='ocrx_word' id='word_1_435' title='bbox 454 3705 561 3758; x_wconf 90' lang='lat' dir='ltr'>Ennius</span> <span class='ocrx_word' id='word_1_436' title='bbox 580 3722 643 3760; x_wconf 86' lang='lat' dir='ltr'>ann.</span> <span class='ocrx_word' id='word_1_437' title='bbox 663 3711 714 3759; x_wconf 87' lang='grc'>309</span> <span class='ocrx_word' id='word_1_438' title='bbox 734 3705 770 3759; x_wconf 90' lang='grc' dir='ltr'>Μ,</span> <span class='ocrx_word' id='word_1_439' title='bbox 791 3721 881 3758; x_wconf 90' lang='lat' dir='ltr'>mores</span> <span class='ocrx_word' id='word_1_440' title='bbox 901 3705 1064 3771; x_wconf 88' lang='lat' dir='ltr'>veteresque</span> <span class='ocrx_word' id='word_1_441' title='bbox 1083 3720 1234 3771; x_wconf 87' lang='lat' dir='ltr'>novosque.</span> <span class='ocrx_word' id='word_1_442' title='bbox 1256 3736 1285 3743; x_wconf 93' lang='lat'><em>—</em></span> <span class='ocrx_word' id='word_1_443' title='bbox 1311 3721 1399 3760; x_wconf 75' lang='lat' dir='ltr'>cornu</span> <span class='ocrx_word' id='word_1_444' title='bbox 1417 3707 1480 3778; x_wconf 82' lang='lat' dir='ltr'>ubi]</span> 
     </span>
     <span class='ocr_line' id='line_1_43' title="bbox 334 3775 1481 3846; baseline 0.004 -18"><span class='ocrx_word' id='word_1_445' title='bbox 334 3801 368 3820; x_wconf 94' lang='lat'>=</span> <span class='ocrx_word' id='word_1_446' title='bbox 387 3793 455 3843; x_wconf 83' lang='lat' dir='ltr'>quo;</span> <span class='ocrx_word' id='word_1_447' title='bbox 475 3782 518 3843; x_wconf 81' lang='lat'>40,</span> <span class='ocrx_word' id='word_1_448' title='bbox 540 3783 554 3828; x_wconf 91' lang='lat'>1</span> <span class='ocrx_word' id='word_1_449' title='bbox 573 3775 603 3829; x_wconf 89' lang='lat' dir='ltr'>in</span> <span class='ocrx_word' id='word_1_450' title='bbox 622 3793 655 3831; x_wconf 89' lang='lat' dir='ltr'>eo</span> <span class='ocrx_word' id='word_1_451' title='bbox 675 3793 775 3845; x_wconf 89' lang='lat' dir='ltr'>campo</span> <span class='ocrx_word' id='word_1_452' title='bbox 794 3775 855 3840; x_wconf 81' lang='lat' dir='ltr'>ubi3</span> <span class='ocrx_word' id='word_1_453' title='bbox 880 3781 922 3842; x_wconf 90' lang='grc'>69,</span> <span class='ocrx_word' id='word_1_454' title='bbox 942 3775 1006 3828; x_wconf 76' lang='grc'>616</span> <span class='ocrx_word' id='word_1_455' title='bbox 1026 3775 1139 3830; x_wconf 85' lang='grc'>661666</span> <span class='ocrx_word' id='word_1_456' title='bbox 1159 3775 1214 3829; x_wconf 89' lang='lat' dir='ltr'>ubi.</span> <span class='ocrx_word' id='word_1_457' title='bbox 1234 3805 1269 3815; x_wconf 94' lang='lat'><em>-</em></span> <span class='ocrx_word' id='word_1_458' title='bbox 1287 3777 1318 3830; x_wconf 79' lang='lat' dir='ltr'>ia</span> <span class='ocrx_word' id='word_1_459' title='bbox 1337 3784 1481 3846; x_wconf 78' lang='lat' dir='ltr'>conspectu</span> 
     </span>
     <span class='ocr_line' id='line_1_44' title="bbox 335 3844 1479 3918; baseline 0.004 -19"><span class='ocrx_word' id='word_1_460' title='bbox 335 3845 468 3917; x_wconf 77' lang='lat' dir='ltr'>[patrati]</span> <span class='ocrx_word' id='word_1_461' title='bbox 500 3853 546 3914; x_wconf 89' lang='grc'>70,</span> <span class='ocrx_word' id='word_1_462' title='bbox 573 3854 588 3901; x_wconf 91' lang='grc'>7</span> <span class='ocrx_word' id='word_1_463' title='bbox 617 3846 742 3918; x_wconf 81' lang='lat' dir='ltr'>legiones</span> <span class='ocrx_word' id='word_1_464' title='bbox 770 3848 799 3900; x_wconf 90' lang='lat' dir='ltr'>in</span> <span class='ocrx_word' id='word_1_465' title='bbox 827 3848 978 3916; x_wconf 89' lang='lat' dir='ltr'>conspectu</span> <span class='ocrx_word' id='word_1_466' title='bbox 1006 3844 1131 3900; x_wconf 81' lang='lat' dir='ltr'>Caesaris</span> <span class='ocrx_word' id='word_1_467' title='bbox 1159 3847 1366 3916; x_wconf 78' lang='lat' dir='ltr'>conlocauerat;</span> <span class='ocrx_word' id='word_1_468' title='bbox 1400 3846 1479 3904; x_wconf 82' lang='lat' dir='ltr'>Caes.</span> 
     </span>
     <span class='ocr_line' id='line_1_45' title="bbox 335 3916 1479 3988; baseline 0.004 -18"><span class='ocrx_word' id='word_1_469' title='bbox 335 3923 359 3986; x_wconf 88' lang='lat'>1,</span> <span class='ocrx_word' id='word_1_470' title='bbox 383 3922 460 3984; x_wconf 82' lang='lat'>51,1</span> <span class='ocrx_word' id='word_1_471' title='bbox 489 3917 592 3973; x_wconf 88' lang='lat' dir='ltr'>alarios</span> <span class='ocrx_word' id='word_1_472' title='bbox 615 3918 644 3972; x_wconf 88' lang='lat' dir='ltr'>in</span> <span class='ocrx_word' id='word_1_473' title='bbox 668 3920 819 3988; x_wconf 89' lang='lat' dir='ltr'>conspectu</span> <span class='ocrx_word' id='word_1_474' title='bbox 842 3918 965 3971; x_wconf 90' lang='lat' dir='ltr'>hostium</span> <span class='ocrx_word' id='word_1_475' title='bbox 984 3917 1137 3972; x_wconf 86' lang='lat' dir='ltr'>constituit.</span> <span class='ocrx_word' id='word_1_476' title='bbox 1175 3916 1360 3987; x_wconf 87' lang='lat' dir='ltr'>Conspectum</span> <span class='ocrx_word' id='word_1_477' title='bbox 1380 3924 1479 3988; x_wconf 85' lang='lat' dir='ltr'>patere</span> 
     </span>
     <span class='ocr_line' id='line_1_46' title="bbox 334 3987 1480 4059; baseline 0.003 -17"><span class='ocrx_word' id='word_1_478' title='bbox 334 4005 417 4044; x_wconf 89' lang='lat' dir='ltr'>nemo</span> <span class='ocrx_word' id='word_1_479' title='bbox 436 4005 559 4058; x_wconf 89' lang='lat' dir='ltr'>unquam</span> <span class='ocrx_word' id='word_1_480' title='bbox 575 3989 652 4056; x_wconf 66' lang='lat' dir='ltr'>dixit</span> <span class='ocrx_word' id='word_1_481' title='bbox 672 3988 853 4059; x_wconf 88' lang='lat' dir='ltr'>participium</span> <span class='ocrx_word' id='word_1_482' title='bbox 869 3988 980 4042; x_wconf 87' lang='lat' dir='ltr'>addidit</span> <span class='ocrx_word' id='word_1_483' title='bbox 994 3989 1023 4041; x_wconf 90' lang='lat' dir='ltr'>in</span> <span class='ocrx_word' id='word_1_484' title='bbox 1041 3987 1168 4058; x_wconf 85' lang='lat' dir='ltr'>margine</span> <span class='ocrx_word' id='word_1_485' title='bbox 1187 3989 1355 4059; x_wconf 88' lang='lat' dir='ltr'>exemplaris</span> <span class='ocrx_word' id='word_1_486' title='bbox 1376 3991 1428 4058; x_wconf 80' lang='lat' dir='ltr'>sui,</span> <span class='ocrx_word' id='word_1_487' title='bbox 1447 3995 1480 4046; x_wconf 92' lang='lat' dir='ltr'>ut</span> 
     </span>
     <span class='ocr_line' id='line_1_47' title="bbox 334 4059 1064 4131; baseline 0.001 -18"><span class='ocrx_word' id='word_1_488' title='bbox 334 4062 461 4115; x_wconf 88' lang='lat' dir='ltr'>moneret</span> <span class='ocrx_word' id='word_1_489' title='bbox 479 4060 596 4131; x_wconf 81' lang='lat' dir='ltr'>tegendi</span> <span class='ocrx_word' id='word_1_490' title='bbox 614 4061 698 4116; x_wconf 84' lang='lat' dir='ltr'>verbo</span> <span class='ocrx_word' id='word_1_491' title='bbox 718 4059 821 4131; x_wconf 86' lang='lat' dir='ltr'>opponi</span> <span class='ocrx_word' id='word_1_492' title='bbox 840 4077 921 4130; x_wconf 90' lang='lat' dir='ltr'>posse</span> <span class='ocrx_word' id='word_1_493' title='bbox 940 4059 1064 4129; x_wconf 82' lang='lat' dir='ltr'>petendi.</span> 
     </span>
    </p>

    <p class='ocr_par' dir='ltr' id='par_1_9' title="bbox 336 4130 1481 4490">
     <span class='ocr_line' id='line_1_48' title="bbox 425 4130 1481 4203; baseline 0.001 -17"><span class='ocrx_word' id='word_1_494' title='bbox 425 4131 474 4188; x_wconf 77' lang='lat'>42.</span> <span class='ocrx_word' id='word_1_495' title='bbox 512 4139 544 4186; x_wconf 80' lang='lat'>12</span> <span class='ocrx_word' id='word_1_496' title='bbox 568 4150 656 4203; x_wconf 80' lang='lat' dir='ltr'>prope</span> <span class='ocrx_word' id='word_1_497' title='bbox 686 4135 751 4187; x_wconf 82' lang='lat' dir='ltr'>solis</span> <span class='ocrx_word' id='word_1_498' title='bbox 779 4148 904 4188; x_wconf 83' lang='lat' dir='ltr'>occasum</span> <span class='ocrx_word' id='word_1_499' title='bbox 931 4133 1135 4203; x_wconf 78' lang='lat' dir='ltr'>capcctaoieset]</span> <span class='ocrx_word' id='word_1_500' title='bbox 1164 4130 1231 4185; x_wconf 91' lang='lat' dir='ltr'>Cum</span> <span class='ocrx_word' id='word_1_501' title='bbox 1259 4130 1290 4184; x_wconf 90' lang='lat' dir='ltr'>in</span> <span class='ocrx_word' id='word_1_502' title='bbox 1316 4131 1481 4187; x_wconf 89' lang='lat' dir='ltr'>universum</span> 
     </span>
     <span class='ocr_line' id='line_1_49' title="bbox 337 4201 1480 4274; baseline 0.002 -18"><span class='ocrx_word' id='word_1_503' title='bbox 337 4201 456 4272; x_wconf 81' lang='lat' dir='ltr'>‘prope’</span> <span class='ocrx_word' id='word_1_504' title='bbox 477 4219 540 4259; x_wconf 91' lang='lat' dir='ltr'>raro</span> <span class='ocrx_word' id='word_1_505' title='bbox 560 4206 595 4259; x_wconf 87' lang='lat' dir='ltr'>ad</span> <span class='ocrx_word' id='word_1_506' title='bbox 614 4206 725 4274; x_wconf 88' lang='lat' dir='ltr'>tempus</span> <span class='ocrx_word' id='word_1_507' title='bbox 747 4204 898 4270; x_wconf 82' lang='lat' dir='ltr'>referatur,</span> <span class='ocrx_word' id='word_1_508' title='bbox 923 4206 955 4258; x_wconf 91' lang='lat' dir='ltr'>ut</span> <span class='ocrx_word' id='word_1_509' title='bbox 980 4202 1120 4273; x_wconf 86' lang='lat' dir='ltr'>significet</span> <span class='ocrx_word' id='word_1_510' title='bbox 1145 4203 1257 4272; x_wconf 86' lang='lat' dir='ltr'>quando</span> <span class='ocrx_word' id='word_1_511' title='bbox 1282 4204 1348 4270; x_wconf 90' lang='lat' dir='ltr'>quid</span> <span class='ocrx_word' id='word_1_512' title='bbox 1372 4203 1480 4259; x_wconf 88' lang='lat' dir='ltr'>factum</span> 
     </span>
     <span class='ocr_line' id='line_1_50' title="bbox 336 4273 1480 4346; baseline 0.004 -21"><span class='ocrx_word' id='word_1_513' title='bbox 336 4273 373 4326; x_wconf 87' lang='lat' dir='ltr'>sit</span> <span class='ocrx_word' id='word_1_514' title='bbox 396 4273 464 4343; x_wconf 83' lang='lat' dir='ltr'>(Cic.</span> <span class='ocrx_word' id='word_1_515' title='bbox 485 4275 566 4345; x_wconf 88' lang='lat' dir='ltr'>epist.</span> <span class='ocrx_word' id='word_1_516' title='bbox 590 4283 614 4344; x_wconf 91' lang='grc'>3,</span> <span class='ocrx_word' id='word_1_517' title='bbox 635 4282 650 4330; x_wconf 89' lang='lat'><strong>5</strong></span> <span class='ocrx_word' id='word_1_518' title='bbox 673 4292 763 4346; x_wconf 88' lang='lat' dir='ltr'>prope</span> <span class='ocrx_word' id='word_1_519' title='bbox 786 4274 848 4329; x_wconf 89' lang='lat' dir='ltr'>Kal.</span> <span class='ocrx_word' id='word_1_520' title='bbox 874 4275 948 4329; x_wconf 88' lang='lat' dir='ltr'>Sext.</span> <span class='ocrx_word' id='word_1_521' title='bbox 972 4276 1041 4345; x_wconf 90' lang='lat' dir='ltr'>puto</span> <span class='ocrx_word' id='word_1_522' title='bbox 1065 4290 1110 4329; x_wconf 91' lang='lat' dir='ltr'>me</span> <span class='ocrx_word' id='word_1_523' title='bbox 1128 4275 1285 4329; x_wconf 84' lang='lat' dir='ltr'>Laodiceae</span> <span class='ocrx_word' id='word_1_524' title='bbox 1303 4274 1377 4343; x_wconf 87' lang='lat' dir='ltr'>fore;</span> <span class='ocrx_word' id='word_1_525' title='bbox 1402 4276 1480 4331; x_wconf 85' lang='lat' dir='ltr'>Suet.</span> 
     </span>
     <span class='ocr_line' id='line_1_51' title="bbox 336 4342 1480 4417; baseline 0.003 -20"><span class='ocrx_word' id='word_1_526' title='bbox 336 4342 431 4399; x_wconf 86' lang='lat' dir='ltr'>Claud.</span> <span class='ocrx_word' id='word_1_527' title='bbox 451 4352 486 4400; x_wconf 82' lang='lat'>44</span> <span class='ocrx_word' id='word_1_528' title='bbox 509 4347 644 4402; x_wconf 88' lang='lat' dir='ltr'>defecisse</span> <span class='ocrx_word' id='word_1_529' title='bbox 667 4366 693 4417; x_wconf 92' lang='lat' dir='ltr'>p.</span> <span class='ocrx_word' id='word_1_530' title='bbox 713 4346 817 4414; x_wconf 87' lang='lat' dir='ltr'>lueem;</span> <span class='ocrx_word' id='word_1_531' title='bbox 846 4347 953 4400; x_wconf 87' lang='lat' dir='ltr'>Pallad.</span> <span class='ocrx_word' id='word_1_532' title='bbox 974 4353 1003 4414; x_wconf 90' lang='grc'>9,</span> <span class='ocrx_word' id='word_1_533' title='bbox 1023 4351 1051 4414; x_wconf 87' lang='lat'>8,</span> <span class='ocrx_word' id='word_1_534' title='bbox 1072 4354 1087 4399; x_wconf 89' lang='grc'>6</span> <span class='ocrx_word' id='word_1_535' title='bbox 1113 4345 1236 4400; x_wconf 89' lang='lat' dir='ltr'>fodiatur</span> <span class='ocrx_word' id='word_1_536' title='bbox 1258 4349 1386 4415; x_wconf 86' lang='lat' dir='ltr'>proxime</span> <span class='ocrx_word' id='word_1_537' title='bbox 1410 4347 1480 4402; x_wconf 85' lang='lat' dir='ltr'>solis</span> 
     </span>
     <span class='ocr_line' id='line_1_52' title="bbox 336 4416 1481 4490; baseline 0.003 -20"><span class='ocrx_word' id='word_1_538' title='bbox 336 4419 490 4486; x_wconf 86' lang='lat' dir='ltr'>occasum),</span> <span class='ocrx_word' id='word_1_539' title='bbox 516 4419 576 4472; x_wconf 89' lang='lat' dir='ltr'>tum</span> <span class='ocrx_word' id='word_1_540' title='bbox 601 4417 760 4474; x_wconf 88' lang='lat' dir='ltr'>rarissimus</span> <span class='ocrx_word' id='word_1_541' title='bbox 784 4419 827 4472; x_wconf 86' lang='lat' dir='ltr'>est</span> <span class='ocrx_word' id='word_1_542' title='bbox 849 4417 898 4472; x_wconf 90' lang='lat' dir='ltr'>ille</span> <span class='ocrx_word' id='word_1_543' title='bbox 924 4434 989 4472; x_wconf 88' lang='lat' dir='ltr'>usus</span> <span class='ocrx_word' id='word_1_544' title='bbox 1007 4416 1176 4487; x_wconf 85' lang='lat' dir='ltr'>particulae,</span> <span class='ocrx_word' id='word_1_545' title='bbox 1204 4435 1259 4487; x_wconf 90' lang='lat' dir='ltr'>quo</span> <span class='ocrx_word' id='word_1_546' title='bbox 1284 4434 1337 4487; x_wconf 89' lang='lat' dir='ltr'>per</span> <span class='ocrx_word' id='word_1_547' title='bbox 1360 4419 1481 4490; x_wconf 78' lang='lat' dir='ltr'>brachy-</span> 
     </span>
    </p>
   </div>
   <div class='ocr_carea' id='block_1_6' title="bbox 0 0 1648 5124">
    <p class='ocr_par' dir='ltr' id='par_1_10' title="bbox 0 0 1648 5124">
     <span class='ocr_line' id='line_1_53' title="bbox 0 0 1648 5124; baseline 0 0"><span class='ocrx_word' id='word_1_548' title='bbox 0 0 1648 5124; x_wconf 95' lang='lat' dir='ltr'> </span> 
     </span>
    </p>
   </div>
  </div>
 </body>
</html>
