<?xml version="1.0" encoding="UTF-8"?>
<!DOCTYPE html PUBLIC "-//W3C//DTD XHTML 1.0 Transitional//EN"
    "http://www.w3.org/TR/xhtml1/DTD/xhtml1-transitional.dtd">
<html xmlns="http://www.w3.org/1999/xhtml" xml:lang="en" lang="en">
 <head>
  <title>
</title>
<meta http-equiv="Content-Type" content="text/html;charset=utf-8" />
  <meta name='ocr-system' content='tesseract 3.04.00' />
  <meta name='ocr-capabilities' content='ocr_page ocr_carea ocr_par ocr_line ocrx_word'/>
</head>
<body>
  <div class='ocr_page' id='page_1' title='image "./casinipolionisd00miodgoog_0021.png"; bbox 0 0 3292 5132; ppageno 0'>
   <div class='ocr_carea' id='block_1_1' title="bbox 302 403 978 461">
    <p class='ocr_par' dir='ltr' id='par_1_1' title="bbox 302 403 978 461">
     <span class='ocr_line' id='line_1_1' title="bbox 302 403 978 461; baseline -0.001 0"><span class='ocrx_word' id='word_1_1' title='bbox 302 405 366 461; x_wconf 84' lang='lat' dir='ltr'><strong>XIV</strong></span> <span class='ocrx_word' id='word_1_2' title='bbox 764 403 978 460; x_wconf 78' lang='lat' dir='ltr'><strong>PRAEFATIO.</strong></span> 
     </span>
    </p>
   </div>
   <div class='ocr_carea' id='block_1_2' title="bbox 194 565 1447 1011">
    <p class='ocr_par' dir='ltr' id='par_1_2' title="bbox 194 565 1447 1011">
     <span class='ocr_line' id='line_1_2' title="bbox 302 565 1447 652; baseline -0.003 -18"><span class='ocrx_word' id='word_1_3' title='bbox 302 593 380 634; x_wconf 89' lang='lat' dir='ltr'><strong>nam</strong></span> <span class='ocrx_word' id='word_1_4' title='bbox 400 570 452 634; x_wconf 87' lang='lat' dir='ltr'><strong>vel</strong></span> <span class='ocrx_word' id='word_1_5' title='bbox 472 565 697 652; x_wconf 75' lang='lat' dir='ltr'><strong>Hruspinam),</strong></span> <span class='ocrx_word' id='word_1_6' title='bbox 718 570 796 652; x_wconf 82' lang='lat'><strong>14,1</strong></span> <span class='ocrx_word' id='word_1_7' title='bbox 818 591 852 632; x_wconf 90' lang='lat' dir='ltr'><strong>se</strong></span> <span class='ocrx_word' id='word_1_8' title='bbox 870 571 1050 632; x_wconf 88' lang='lat' dir='ltr'><strong>removeret</strong></span> <span class='ocrx_word' id='word_1_9' title='bbox 1070 565 1153 652; x_wconf 87' lang='lat' dir='ltr'><strong>(sese</strong></span> <span class='ocrx_word' id='word_1_10' title='bbox 1172 567 1340 651; x_wconf 88' lang='lat' dir='ltr'><strong>moveret),</strong></span> <span class='ocrx_word' id='word_1_11' title='bbox 1361 567 1447 651; x_wconf 87' lang='lat'><strong>19,3</strong></span> 
     </span>
     <span class='ocr_line' id='line_1_3' title="bbox 302 655 1447 742; baseline -0.003 -19"><span class='ocrx_word' id='word_1_12' title='bbox 302 659 418 723; x_wconf 89' lang='lat' dir='ltr'><strong>Iubam</strong></span> <span class='ocrx_word' id='word_1_13' title='bbox 439 656 658 742; x_wconf 82' lang='lat' dir='ltr'><strong>(Labienum),</strong></span> <span class='ocrx_word' id='word_1_14' title='bbox 676 657 752 722; x_wconf 89' lang='lat' dir='ltr'>ibid.</span> <span class='ocrx_word' id='word_1_15' title='bbox 772 658 990 722; x_wconf 89' lang='lat' dir='ltr'><strong>condidicerat</strong></span> <span class='ocrx_word' id='word_1_16' title='bbox 1009 655 1284 740; x_wconf 86' lang='lat' dir='ltr'><strong>(condocefecerat</strong></span> <span class='ocrx_word' id='word_1_17' title='bbox 1304 655 1355 720; x_wconf 84' lang='lat' dir='ltr'><strong>vel</strong></span> <span class='ocrx_word' id='word_1_18' title='bbox 1374 678 1447 720; x_wconf 91' lang='lat' dir='ltr'><strong>con-</strong></span> 
     </span>
     <span class='ocr_line' id='line_1_4' title="bbox 303 745 1447 830; baseline -0.002 -19"><span class='ocrx_word' id='word_1_19' title='bbox 303 748 471 830; x_wconf 89' lang='lat' dir='ltr'><strong>docuerat,</strong></span> <span class='ocrx_word' id='word_1_20' title='bbox 501 747 584 830; x_wconf 93' lang='lat' dir='ltr'><strong>quod</strong></span> <span class='ocrx_word' id='word_1_21' title='bbox 612 746 647 810; x_wconf 89' lang='lat' dir='ltr'><strong>in</strong></span> <span class='ocrx_word' id='word_1_22' title='bbox 670 747 863 811; x_wconf 80' lang='lat' dir='ltr'>recentiores</span> <span class='ocrx_word' id='word_1_23' title='bbox 892 769 930 810; x_wconf 86' lang='lat' dir='ltr'><strong>ex</strong></span> <span class='ocrx_word' id='word_1_24' title='bbox 958 746 1144 811; x_wconf 89' lang='lat' dir='ltr'><strong>coniectura</strong></span> <span class='ocrx_word' id='word_1_25' title='bbox 1171 745 1331 829; x_wconf 78' lang='lat' dir='ltr'><strong>irrepsit),</strong></span> <span class='ocrx_word' id='word_1_26' title='bbox 1354 745 1447 830; x_wconf 75' lang='grc'>20,2</span> 
     </span>
     <span class='ocr_line' id='line_1_5' title="bbox 303 833 1446 922; baseline -0.003 -20"><span class='ocrx_word' id='word_1_27' title='bbox 303 859 440 921; x_wconf 92' lang='lat' dir='ltr'><strong>quorum</strong></span> <span class='ocrx_word' id='word_1_28' title='bbox 460 833 610 921; x_wconf 81' lang='lat' dir='ltr'><strong>(eorum),</strong></span> <span class='ocrx_word' id='word_1_29' title='bbox 634 836 722 919; x_wconf 75' lang='lat'><strong>21,4</strong></span> <span class='ocrx_word' id='word_1_30' title='bbox 745 835 878 900; x_wconf 79' lang='lat' dir='ltr'><strong>Caesari</strong></span> <span class='ocrx_word' id='word_1_31' title='bbox 896 833 1055 922; x_wconf 81' lang='lat' dir='ltr'><strong>(Caesar),</strong></span> <span class='ocrx_word' id='word_1_32' title='bbox 1078 835 1163 920; x_wconf 84' lang='lat'><strong>33,1</strong></span> <span class='ocrx_word' id='word_1_33' title='bbox 1188 836 1288 899; x_wconf 87' lang='lat' dir='ltr'><strong>etiam</strong></span> <span class='ocrx_word' id='word_1_34' title='bbox 1306 836 1446 920; x_wconf 90' lang='lat' dir='ltr'><strong>undique</strong></span> 
     </span>
     <span class='ocr_line' id='line_1_6' title="bbox 194 920 1445 1011; baseline -0.003 -21"><span class='ocrx_word' id='word_1_35' title='bbox 194 961 201 970; x_wconf 89' lang='lat'><em>·</em></span> <span class='ocrx_word' id='word_1_36' title='bbox 304 926 352 1010; x_wconf 87' lang='lat' dir='ltr'><strong>(et</strong></span> <span class='ocrx_word' id='word_1_37' title='bbox 371 925 496 989; x_wconf 91' lang='lat' dir='ltr'><strong>inmuni</strong></span> <span class='ocrx_word' id='word_1_38' title='bbox 516 924 568 988; x_wconf 88' lang='lat' dir='ltr'><strong>vel</strong></span> <span class='ocrx_word' id='word_1_39' title='bbox 587 921 798 1011; x_wconf 90' lang='lat' dir='ltr'><strong>inmunique),</strong></span> <span class='ocrx_word' id='word_1_40' title='bbox 817 925 905 1008; x_wconf 79' lang='lat'><strong>40,5</strong></span> <span class='ocrx_word' id='word_1_41' title='bbox 924 924 1096 1007; x_wconf 89' lang='lat' dir='ltr'><strong>partienda</strong></span> <span class='ocrx_word' id='word_1_42' title='bbox 1116 920 1339 1010; x_wconf 87' lang='lat' dir='ltr'><strong>(praehenda),</strong></span> <span class='ocrx_word' id='word_1_43' title='bbox 1357 923 1445 1005; x_wconf 75' lang='lat' dir='ltr'><strong>47,ss</strong></span> 
     </span>
    </p>
   </div>
   <div class='ocr_carea' id='block_1_3' title="bbox 281 1010 1449 4575">
    <p class='ocr_par' dir='ltr' id='par_1_3' title="bbox 302 1010 1446 1809">
     <span class='ocr_line' id='line_1_7' title="bbox 303 1010 1446 1100; baseline -0.001 -21"><span class='ocrx_word' id='word_1_44' title='bbox 303 1014 444 1079; x_wconf 87' lang='lat' dir='ltr'><strong>tenebris</strong></span> <span class='ocrx_word' id='word_1_45' title='bbox 464 1011 655 1100; x_wconf 84' lang='lat' dir='ltr'><strong>(tentoriis),</strong></span> <span class='ocrx_word' id='word_1_46' title='bbox 674 1014 725 1097; x_wconf 83' lang='lat'><strong>50,</strong></span> <span class='ocrx_word' id='word_1_47' title='bbox 741 1014 761 1077; x_wconf 88' lang='lat'><strong>3</strong></span> <span class='ocrx_word' id='word_1_48' title='bbox 781 1013 875 1078; x_wconf 90' lang='lat' dir='ltr'><strong>abusi</strong></span> <span class='ocrx_word' id='word_1_49' title='bbox 894 1010 1108 1098; x_wconf 88' lang='lat' dir='ltr'><strong>(adversarii),</strong></span> <span class='ocrx_word' id='word_1_50' title='bbox 1128 1013 1215 1095; x_wconf 77' lang='lat'><strong>57,2</strong></span> <span class='ocrx_word' id='word_1_51' title='bbox 1235 1013 1274 1076; x_wconf 87' lang='lat' dir='ltr'><strong>ad</strong></span> <span class='ocrx_word' id='word_1_52' title='bbox 1294 1035 1338 1090; x_wconf 88' lang='lat' dir='ltr'><strong>se,</strong></span> <span class='ocrx_word' id='word_1_53' title='bbox 1358 1013 1446 1096; x_wconf 77' lang='lat'><strong>57,3</strong></span> 
     </span>
     <span class='ocr_line' id='line_1_8' title="bbox 303 1100 1446 1189; baseline -0.003 -20"><span class='ocrx_word' id='word_1_54' title='bbox 303 1103 453 1170; x_wconf 73' lang='lat' dir='ltr'><strong>Caesaris</strong></span> <span class='ocrx_word' id='word_1_55' title='bbox 483 1100 628 1189; x_wconf 87' lang='lat' dir='ltr'><strong>(caesis),</strong></span> <span class='ocrx_word' id='word_1_56' title='bbox 657 1105 717 1167; x_wconf 87' lang='lat' dir='ltr'><strong>etc.</strong></span> <span class='ocrx_word' id='word_1_57' title='bbox 769 1101 937 1178; x_wconf 80' lang='lat' dir='ltr'>Quomodo</span> <span class='ocrx_word' id='word_1_58' title='bbox 967 1107 1075 1166; x_wconf 84' lang='lat' dir='ltr'><strong>autem</strong></span> <span class='ocrx_word' id='word_1_59' title='bbox 1105 1124 1143 1166; x_wconf 87' lang='lat' dir='ltr'><strong>ex</strong></span> <span class='ocrx_word' id='word_1_60' title='bbox 1170 1101 1229 1165; x_wconf 94' lang='lat' dir='ltr'><strong>illo</strong></span> <span class='ocrx_word' id='word_1_61' title='bbox 1258 1101 1351 1166; x_wconf 89' lang='lat' dir='ltr'><strong>fonte</strong></span> <span class='ocrx_word' id='word_1_62' title='bbox 1380 1102 1446 1165; x_wconf 91' lang='lat' dir='ltr'><strong>sint</strong></span> 
     </span>
     <span class='ocr_line' id='line_1_9' title="bbox 303 1189 1445 1276; baseline -0.002 -20"><span class='ocrx_word' id='word_1_63' title='bbox 303 1192 433 1257; x_wconf 90' lang='lat' dir='ltr'><strong>deducti</strong></span> <span class='ocrx_word' id='word_1_64' title='bbox 460 1195 633 1274; x_wconf 87' lang='lat' dir='ltr'><strong>propterea</strong></span> <span class='ocrx_word' id='word_1_65' title='bbox 663 1190 793 1256; x_wconf 91' lang='lat' dir='ltr'><strong>difficile</strong></span> <span class='ocrx_word' id='word_1_66' title='bbox 823 1195 874 1256; x_wconf 91' lang='lat' dir='ltr'><strong>est</strong></span> <span class='ocrx_word' id='word_1_67' title='bbox 904 1191 1006 1276; x_wconf 88' lang='lat' dir='ltr'><strong>dictu,</strong></span> <span class='ocrx_word' id='word_1_68' title='bbox 1036 1192 1113 1276; x_wconf 91' lang='lat' dir='ltr'><strong>quia</strong></span> <span class='ocrx_word' id='word_1_69' title='bbox 1141 1190 1170 1255; x_wconf 79' lang='lat' dir='ltr'><strong>A</strong></span> <span class='ocrx_word' id='word_1_70' title='bbox 1200 1195 1233 1254; x_wconf 92' lang='lat' dir='ltr'><strong>et</strong></span> <span class='ocrx_word' id='word_1_71' title='bbox 1258 1189 1285 1253; x_wconf 87' lang='lat' dir='ltr'>L</span> <span class='ocrx_word' id='word_1_72' title='bbox 1316 1189 1445 1274; x_wconf 90' lang='lat' dir='ltr'><strong>quidem</strong></span> 
     </span>
     <span class='ocr_line' id='line_1_10' title="bbox 304 1279 1445 1365; baseline -0.002 -19"><span class='ocrx_word' id='word_1_73' title='bbox 304 1283 384 1346; x_wconf 90' lang='lat' dir='ltr'><strong>satis</strong></span> <span class='ocrx_word' id='word_1_74' title='bbox 408 1285 556 1345; x_wconf 87' lang='lat' dir='ltr'><strong>accurate</strong></span> <span class='ocrx_word' id='word_1_75' title='bbox 580 1303 599 1344; x_wconf 90' lang='lat' dir='ltr'><strong>a</strong></span> <span class='ocrx_word' id='word_1_76' title='bbox 622 1281 785 1345; x_wconf 87' lang='lat' dir='ltr'><strong>nobismet</strong></span> <span class='ocrx_word' id='word_1_77' title='bbox 802 1281 882 1365; x_wconf 90' lang='lat' dir='ltr'><strong>ipsis</strong></span> <span class='ocrx_word' id='word_1_78' title='bbox 903 1285 980 1345; x_wconf 90' lang='lat' dir='ltr'><strong>sunt</strong></span> <span class='ocrx_word' id='word_1_79' title='bbox 998 1279 1119 1365; x_wconf 87' lang='lat' dir='ltr'><strong>collati,</strong></span> <span class='ocrx_word' id='word_1_80' title='bbox 1142 1279 1181 1344; x_wconf 91' lang='lat' dir='ltr'><strong>de</strong></span> <span class='ocrx_word' id='word_1_81' title='bbox 1204 1279 1338 1364; x_wconf 89' lang='lat' dir='ltr'><strong>reliquis</strong></span> <span class='ocrx_word' id='word_1_82' title='bbox 1362 1280 1445 1344; x_wconf 89' lang='lat' dir='ltr'><strong>ratio</strong></span> 
     </span>
     <span class='ocr_line' id='line_1_11' title="bbox 304 1365 1443 1453; baseline -0.004 -19"><span class='ocrx_word' id='word_1_83' title='bbox 304 1395 323 1434; x_wconf 91' lang='lat' dir='ltr'><strong>a</strong></span> <span class='ocrx_word' id='word_1_84' title='bbox 342 1371 516 1434; x_wconf 90' lang='lat' dir='ltr'><strong>Duebnero</strong></span> <span class='ocrx_word' id='word_1_85' title='bbox 540 1368 737 1453; x_wconf 88' lang='lat' dir='ltr'><strong>reposcenda</strong></span> <span class='ocrx_word' id='word_1_86' title='bbox 761 1374 820 1433; x_wconf 88' lang='lat' dir='ltr'><strong>est.</strong></span> <span class='ocrx_word' id='word_1_87' title='bbox 862 1367 945 1434; x_wconf 78' lang='lat' dir='ltr'><strong>Cum</strong></span> <span class='ocrx_word' id='word_1_88' title='bbox 969 1375 1076 1434; x_wconf 89' lang='lat' dir='ltr'><strong>autem</strong></span> <span class='ocrx_word' id='word_1_89' title='bbox 1097 1369 1241 1433; x_wconf 88' lang='lat' dir='ltr'><strong>Adamus</strong></span> <span class='ocrx_word' id='word_1_90' title='bbox 1259 1365 1443 1433; x_wconf 87' lang='lat' dir='ltr'><strong>Miodoriski</strong></span> 
     </span>
     <span class='ocr_line' id='line_1_12' title="bbox 302 1457 1445 1544; baseline -0.003 -20"><span class='ocrx_word' id='word_1_91' title='bbox 302 1461 462 1544; x_wconf 82' lang='lat' dir='ltr'><strong>proximis</strong></span> <span class='ocrx_word' id='word_1_92' title='bbox 486 1459 652 1522; x_wconf 90' lang='lat' dir='ltr'><strong>mensibus</strong></span> <span class='ocrx_word' id='word_1_93' title='bbox 681 1459 744 1522; x_wconf 88' lang='lat' dir='ltr'><strong>iter</strong></span> <span class='ocrx_word' id='word_1_94' title='bbox 772 1481 831 1543; x_wconf 91' lang='lat' dir='ltr'><strong>per</strong></span> <span class='ocrx_word' id='word_1_95' title='bbox 854 1457 993 1523; x_wconf 83' lang='lat' dir='ltr'><strong>Galliam</strong></span> <span class='ocrx_word' id='word_1_96' title='bbox 1024 1463 1055 1522; x_wconf 90' lang='lat' dir='ltr'><strong>et</strong></span> <span class='ocrx_word' id='word_1_97' title='bbox 1078 1457 1210 1522; x_wconf 88' lang='lat' dir='ltr'><strong>ltaliam</strong></span> <span class='ocrx_word' id='word_1_98' title='bbox 1238 1461 1445 1542; x_wconf 87' lang='lat' dir='ltr'><strong>suscepturus</strong></span> 
     </span>
     <span class='ocr_line' id='line_1_13' title="bbox 304 1547 1446 1633; baseline -0.003 -20"><span class='ocrx_word' id='word_1_99' title='bbox 304 1550 357 1633; x_wconf 90' lang='lat' dir='ltr'><strong>sit,</strong></span> <span class='ocrx_word' id='word_1_100' title='bbox 381 1571 548 1631; x_wconf 89' lang='lat' dir='ltr'><strong>speramus</strong></span> <span class='ocrx_word' id='word_1_101' title='bbox 571 1570 632 1612; x_wconf 90' lang='lat' dir='ltr'><strong>nos</strong></span> <span class='ocrx_word' id='word_1_102' title='bbox 655 1548 802 1630; x_wconf 86' lang='lat' dir='ltr'><strong>proximo</strong></span> <span class='ocrx_word' id='word_1_103' title='bbox 827 1571 911 1612; x_wconf 91' lang='lat' dir='ltr'><strong>anno</strong></span> <span class='ocrx_word' id='word_1_104' title='bbox 936 1549 1087 1613; x_wconf 90' lang='lat' dir='ltr'><strong>omnibus</strong></span> <span class='ocrx_word' id='word_1_105' title='bbox 1110 1549 1253 1611; x_wconf 87' lang='lat' dir='ltr'><strong>virorum</strong></span> <span class='ocrx_word' id='word_1_106' title='bbox 1276 1547 1446 1611; x_wconf 88' lang='lat' dir='ltr'><strong>doctorum</strong></span> 
     </span>
     <span class='ocr_line' id='line_1_14' title="bbox 304 1635 1445 1722; baseline -0.003 -20"><span class='ocrx_word' id='word_1_107' title='bbox 304 1637 470 1702; x_wconf 82' lang='lat' dir='ltr'><strong>desideriis</strong></span> <span class='ocrx_word' id='word_1_108' title='bbox 501 1635 688 1701; x_wconf 75' lang='lat' dir='ltr'><strong>satisfacere</strong></span> <span class='ocrx_word' id='word_1_109' title='bbox 716 1659 826 1720; x_wconf 71' lang='lat' dir='ltr'><strong>posse,</strong></span> <span class='ocrx_word' id='word_1_110' title='bbox 857 1637 1004 1722; x_wconf 78' lang='lat' dir='ltr'><strong>interim,</strong></span> <span class='ocrx_word' id='word_1_111' title='bbox 1035 1637 1073 1700; x_wconf 94' lang='lat' dir='ltr'><strong>de</strong></span> <span class='ocrx_word' id='word_1_112' title='bbox 1104 1636 1221 1721; x_wconf 90' lang='lat' dir='ltr'><strong>quibus</strong></span> <span class='ocrx_word' id='word_1_113' title='bbox 1251 1638 1348 1701; x_wconf 88' lang='lat' dir='ltr'><strong>rebus</strong></span> <span class='ocrx_word' id='word_1_114' title='bbox 1377 1635 1445 1700; x_wconf 89' lang='lat' dir='ltr'><strong>fere</strong></span> 
     </span>
     <span class='ocr_line' id='line_1_15' title="bbox 302 1725 1208 1809; baseline -0.002 -18"><span class='ocrx_word' id='word_1_115' title='bbox 302 1729 433 1791; x_wconf 86' lang='lat' dir='ltr'><strong>constat</strong></span> <span class='ocrx_word' id='word_1_116' title='bbox 456 1727 635 1808; x_wconf 89' lang='lat' dir='ltr'><strong>internos,</strong></span> <span class='ocrx_word' id='word_1_117' title='bbox 660 1748 756 1809; x_wconf 88' lang='lat' dir='ltr'><strong>quam</strong></span> <span class='ocrx_word' id='word_1_118' title='bbox 781 1727 969 1792; x_wconf 88' lang='lat' dir='ltr'><strong>brevissime</strong></span> <span class='ocrx_word' id='word_1_119' title='bbox 993 1725 1208 1809; x_wconf 85' lang='lat' dir='ltr'><strong>expediamus.</strong></span> 
     </span>
    </p>

    <p class='ocr_par' dir='ltr' id='par_1_4' title="bbox 281 1812 1449 3750">
     <span class='ocr_line' id='line_1_16' title="bbox 393 1812 1446 1898; baseline -0.003 -19"><span class='ocrx_word' id='word_1_120' title='bbox 393 1812 546 1879; x_wconf 80' lang='lat' dir='ltr'><strong>Codicem</strong></span> <span class='ocrx_word' id='word_1_121' title='bbox 577 1814 985 1880; x_wconf 88' lang='lat' dir='ltr'><strong>Ashburnhamensem</strong></span> <span class='ocrx_word' id='word_1_122' title='bbox 1019 1812 1078 1898; x_wconf 82' lang='lat' dir='ltr'><strong>(A)</strong></span> <span class='ocrx_word' id='word_1_123' title='bbox 1111 1817 1178 1879; x_wconf 86' lang='lat' dir='ltr'><strong>sive</strong></span> <span class='ocrx_word' id='word_1_124' title='bbox 1210 1813 1446 1898; x_wconf 76' lang='lat' dir='ltr'><strong>Florentinum,</strong></span> 
     </span>
     <span class='ocr_line' id='line_1_17' title="bbox 303 1903 1446 1989; baseline -0.003 -20"><span class='ocrx_word' id='word_1_125' title='bbox 303 1905 447 1969; x_wconf 91' lang='lat' dir='ltr'><strong>omnium</strong></span> <span class='ocrx_word' id='word_1_126' title='bbox 482 1903 760 1989; x_wconf 90' lang='lat' dir='ltr'><strong>antiquissimum,</strong></span> <span class='ocrx_word' id='word_1_127' title='bbox 793 1908 825 1968; x_wconf 90' lang='lat' dir='ltr'><strong>et</strong></span> <span class='ocrx_word' id='word_1_128' title='bbox 855 1910 892 1968; x_wconf 93' lang='lat' dir='ltr'><strong>ut</strong></span> <span class='ocrx_word' id='word_1_129' title='bbox 922 1904 1018 1969; x_wconf 92' lang='lat' dir='ltr'><strong>modo</strong></span> <span class='ocrx_word' id='word_1_130' title='bbox 1049 1903 1256 1987; x_wconf 82' lang='lat' dir='ltr'><strong>exposuimus</strong></span> <span class='ocrx_word' id='word_1_131' title='bbox 1285 1903 1320 1966; x_wconf 91' lang='lat' dir='ltr'><strong>in</strong></span> <span class='ocrx_word' id='word_1_132' title='bbox 1349 1903 1446 1966; x_wconf 91' lang='lat' dir='ltr'><strong>rebus</strong></span> 
     </span>
     <span class='ocr_line' id='line_1_18' title="bbox 304 1993 1446 2079; baseline -0.002 -21"><span class='ocrx_word' id='word_1_133' title='bbox 304 1993 568 2077; x_wconf 79' lang='lat' dir='ltr'><strong>orthographicis</strong></span> <span class='ocrx_word' id='word_1_134' title='bbox 588 2015 715 2057; x_wconf 89' lang='lat' dir='ltr'><strong>summa</strong></span> <span class='ocrx_word' id='word_1_135' title='bbox 733 1993 796 2057; x_wconf 92' lang='lat' dir='ltr'><strong>fide</strong></span> <span class='ocrx_word' id='word_1_136' title='bbox 816 1994 949 2079; x_wconf 83' lang='lat' dir='ltr'><strong>dignum</strong></span> <span class='ocrx_word' id='word_1_137' title='bbox 971 1995 999 2058; x_wconf 90' lang='lat' dir='ltr'><strong>si</strong></span> <span class='ocrx_word' id='word_1_138' title='bbox 1018 1993 1090 2076; x_wconf 91' lang='lat' dir='ltr'><strong>quis</strong></span> <span class='ocrx_word' id='word_1_139' title='bbox 1109 1993 1214 2076; x_wconf 91' lang='lat' dir='ltr'><strong>primo</strong></span> <span class='ocrx_word' id='word_1_140' title='bbox 1234 1994 1304 2057; x_wconf 94' lang='lat' dir='ltr'><strong>loco</strong></span> <span class='ocrx_word' id='word_1_141' title='bbox 1324 2014 1446 2076; x_wconf 90' lang='lat' dir='ltr'><strong>ponen-</strong></span> 
     </span>
     <span class='ocr_line' id='line_1_19' title="bbox 304 2081 1446 2167; baseline -0.002 -20"><span class='ocrx_word' id='word_1_142' title='bbox 304 2084 380 2147; x_wconf 90' lang='lat' dir='ltr'><strong>dum</strong></span> <span class='ocrx_word' id='word_1_143' title='bbox 401 2104 471 2146; x_wconf 90' lang='lat' dir='ltr'><strong>esse</strong></span> <span class='ocrx_word' id='word_1_144' title='bbox 490 2081 584 2164; x_wconf 90' lang='lat' dir='ltr'><strong>dicat,</strong></span> <span class='ocrx_word' id='word_1_145' title='bbox 607 2104 666 2146; x_wconf 89' lang='lat' dir='ltr'><strong>nos</strong></span> <span class='ocrx_word' id='word_1_146' title='bbox 689 2082 824 2146; x_wconf 90' lang='lat' dir='ltr'><strong>habebit</strong></span> <span class='ocrx_word' id='word_1_147' title='bbox 847 2107 885 2148; x_wconf 84' lang='lat' dir='ltr'><strong>ex</strong></span> <span class='ocrx_word' id='word_1_148' title='bbox 908 2087 1000 2167; x_wconf 87' lang='lat' dir='ltr'><strong>parte</strong></span> <span class='ocrx_word' id='word_1_149' title='bbox 1019 2082 1267 2165; x_wconf 89' lang='lat' dir='ltr'><strong>consentientes,</strong></span> <span class='ocrx_word' id='word_1_150' title='bbox 1289 2081 1323 2144; x_wconf 91' lang='lat' dir='ltr'><strong>in</strong></span> <span class='ocrx_word' id='word_1_151' title='bbox 1345 2082 1446 2165; x_wconf 93' lang='lat' dir='ltr'><strong>pluri·</strong></span> 
     </span>
     <span class='ocr_line' id='line_1_20' title="bbox 304 2171 1446 2256; baseline -0.003 -20"><span class='ocrx_word' id='word_1_152' title='bbox 304 2173 366 2236; x_wconf 92' lang='lat' dir='ltr'><strong>mis</strong></span> <span class='ocrx_word' id='word_1_153' title='bbox 390 2193 467 2236; x_wconf 87' lang='lat' dir='ltr'><strong>vero</strong></span> <span class='ocrx_word' id='word_1_154' title='bbox 491 2171 728 2235; x_wconf 86' lang='lat' dir='ltr'><strong>dissentientes.</strong></span> <span class='ocrx_word' id='word_1_155' title='bbox 776 2172 977 2256; x_wconf 85' lang='lat' dir='ltr'><strong>Quamquam</strong></span> <span class='ocrx_word' id='word_1_156' title='bbox 1004 2173 1090 2236; x_wconf 89' lang='lat' dir='ltr'><strong>enim</strong></span> <span class='ocrx_word' id='word_1_157' title='bbox 1112 2173 1227 2254; x_wconf 86' lang='lat' dir='ltr'><strong>negari</strong></span> <span class='ocrx_word' id='word_1_158' title='bbox 1249 2193 1313 2236; x_wconf 92' lang='lat' dir='ltr'><strong>non</strong></span> <span class='ocrx_word' id='word_1_159' title='bbox 1336 2174 1446 2255; x_wconf 88' lang='lat' dir='ltr'><strong>potest</strong></span> 
     </span>
     <span class='ocr_line' id='line_1_21' title="bbox 304 2257 1446 2346; baseline -0.002 -21"><span class='ocrx_word' id='word_1_160' title='bbox 304 2261 430 2345; x_wconf 88' lang='lat' dir='ltr'><strong>aliquot</strong></span> <span class='ocrx_word' id='word_1_161' title='bbox 448 2260 606 2324; x_wconf 90' lang='lat' dir='ltr'><strong>lectiones</strong></span> <span class='ocrx_word' id='word_1_162' title='bbox 626 2283 699 2324; x_wconf 90' lang='lat' dir='ltr'><strong>vere</strong></span> <span class='ocrx_word' id='word_1_163' title='bbox 724 2262 873 2346; x_wconf 82' lang='lat' dir='ltr'><strong>egregias</strong></span> <span class='ocrx_word' id='word_1_164' title='bbox 897 2284 937 2325; x_wconf 84' lang='lat' dir='ltr'><strong>ex</strong></span> <span class='ocrx_word' id='word_1_165' title='bbox 960 2283 997 2326; x_wconf 87' lang='lat' dir='ltr'><strong>eo</strong></span> <span class='ocrx_word' id='word_1_166' title='bbox 1021 2264 1229 2345; x_wconf 88' lang='lat' dir='ltr'><strong>recuperatas</strong></span> <span class='ocrx_word' id='word_1_167' title='bbox 1249 2282 1319 2324; x_wconf 92' lang='lat' dir='ltr'><strong>esse</strong></span> <span class='ocrx_word' id='word_1_168' title='bbox 1339 2257 1405 2344; x_wconf 88' lang='lat'><strong>(19,</strong></span> <span class='ocrx_word' id='word_1_169' title='bbox 1425 2259 1446 2322; x_wconf 87' lang='grc'>3</span> 
     </span>
     <span class='ocr_line' id='line_1_22' title="bbox 304 2348 1447 2434; baseline -0.002 -21"><span class='ocrx_word' id='word_1_170' title='bbox 304 2371 450 2434; x_wconf 91' lang='lat' dir='ltr'><strong>equoque</strong></span> <span class='ocrx_word' id='word_1_171' title='bbox 481 2349 529 2413; x_wconf 93' lang='lat' dir='ltr'><strong>uti</strong></span> <span class='ocrx_word' id='word_1_172' title='bbox 559 2349 700 2432; x_wconf 67' lang='lat' dir='ltr'><strong>frenato,</strong></span> <span class='ocrx_word' id='word_1_173' title='bbox 731 2351 829 2433; x_wconf 76' lang='lat'><strong>20,4</strong></span> <span class='ocrx_word' id='word_1_174' title='bbox 857 2351 940 2414; x_wconf 92' lang='lat' dir='ltr'><strong>dirui</strong></span> <span class='ocrx_word' id='word_1_175' title='bbox 969 2372 1006 2414; x_wconf 90' lang='lat' dir='ltr'><strong>ao</strong></span> <span class='ocrx_word' id='word_1_176' title='bbox 1034 2350 1152 2432; x_wconf 69' lang='lat' dir='ltr'><strong>deseri,</strong></span> <span class='ocrx_word' id='word_1_177' title='bbox 1181 2349 1278 2434; x_wconf 79' lang='lat'><strong>26,5</strong></span> <span class='ocrx_word' id='word_1_178' title='bbox 1306 2348 1447 2430; x_wconf 83' lang='lat' dir='ltr'><strong>miseris3</strong></span> 
     </span>
     <span class='ocr_line' id='line_1_23' title="bbox 281 2437 1446 2524; baseline -0.003 -21"><span class='ocrx_word' id='word_1_179' title='bbox 281 2440 394 2522; x_wconf 82' lang='lat'>·31‚9</span> <span class='ocrx_word' id='word_1_180' title='bbox 425 2460 515 2524; x_wconf 74' lang='lat' dir='ltr'><strong>suae,</strong></span> <span class='ocrx_word' id='word_1_181' title='bbox 544 2438 636 2522; x_wconf 84' lang='lat'><strong>61,5</strong></span> <span class='ocrx_word' id='word_1_182' title='bbox 662 2438 880 2503; x_wconf 88' lang='lat' dir='ltr'><strong>frumentandi</strong></span> <span class='ocrx_word' id='word_1_183' title='bbox 909 2441 1027 2524; x_wconf 81' lang='lat' dir='ltr'><strong>gratia3</strong></span> <span class='ocrx_word' id='word_1_184' title='bbox 1058 2440 1147 2522; x_wconf 78' lang='lat'><strong>76‚2</strong></span> <span class='ocrx_word' id='word_1_185' title='bbox 1176 2443 1292 2524; x_wconf 87' lang='lat' dir='ltr'><strong>quarta</strong></span> <span class='ocrx_word' id='word_1_186' title='bbox 1315 2437 1446 2522; x_wconf 83' lang='lat' dir='ltr'><strong>vigilia3</strong></span> 
     </span>
     <span class='ocr_line' id='line_1_24' title="bbox 303 2525 1446 2614; baseline -0.002 -23"><span class='ocrx_word' id='word_1_187' title='bbox 303 2529 395 2610; x_wconf 84' lang='lat'><strong>91,1</strong></span> <span class='ocrx_word' id='word_1_188' title='bbox 426 2527 580 2613; x_wconf 83' lang='lat' dir='ltr'><strong>coniuges</strong></span> <span class='ocrx_word' id='word_1_189' title='bbox 609 2528 744 2610; x_wconf 82' lang='lat' dir='ltr'><strong>liberos3</strong></span> <span class='ocrx_word' id='word_1_190' title='bbox 772 2529 861 2612; x_wconf 82' lang='lat'><strong>94,1</strong></span> <span class='ocrx_word' id='word_1_191' title='bbox 892 2551 949 2612; x_wconf 92' lang='lat' dir='ltr'><strong>per</strong></span> <span class='ocrx_word' id='word_1_192' title='bbox 972 2525 1140 2614; x_wconf 87' lang='lat' dir='ltr'><strong>virtutem)</strong></span> <span class='ocrx_word' id='word_1_193' title='bbox 1170 2528 1272 2592; x_wconf 90' lang='lat' dir='ltr'><strong>multo</strong></span> <span class='ocrx_word' id='word_1_194' title='bbox 1300 2527 1446 2611; x_wconf 90' lang='lat' dir='ltr'><strong>pluribus</strong></span> 
     </span>
     <span class='ocr_line' id='line_1_25' title="bbox 303 2612 1447 2701; baseline -0.002 -21"><span class='ocrx_word' id='word_1_195' title='bbox 303 2618 384 2681; x_wconf 90' lang='lat' dir='ltr'><strong>locis</strong></span> <span class='ocrx_word' id='word_1_196' title='bbox 408 2620 519 2680; x_wconf 89' lang='lat' dir='ltr'><strong>tamen</strong></span> <span class='ocrx_word' id='word_1_197' title='bbox 542 2618 735 2701; x_wconf 85' lang='lat' dir='ltr'><strong>corruptelis</strong></span> <span class='ocrx_word' id='word_1_198' title='bbox 759 2640 831 2681; x_wconf 89' lang='lat' dir='ltr'><strong>eum</strong></span> <span class='ocrx_word' id='word_1_199' title='bbox 856 2618 1067 2701; x_wconf 88' lang='lat' dir='ltr'><strong>depravatum</strong></span> <span class='ocrx_word' id='word_1_200' title='bbox 1093 2639 1163 2681; x_wconf 89' lang='lat' dir='ltr'><strong>esse</strong></span> <span class='ocrx_word' id='word_1_201' title='bbox 1186 2617 1342 2681; x_wconf 88' lang='lat' dir='ltr'><strong>videmus.</strong></span> <span class='ocrx_word' id='word_1_202' title='bbox 1384 2612 1447 2678; x_wconf 83' lang='lat' dir='ltr'><strong>Sed</strong></span> 
     </span>
     <span class='ocr_line' id='line_1_26' title="bbox 305 2705 1449 2792; baseline 0 -24"><span class='ocrx_word' id='word_1_203' title='bbox 305 2709 342 2769; x_wconf 92' lang='lat' dir='ltr'><strong>ut</strong></span> <span class='ocrx_word' id='word_1_204' title='bbox 365 2708 504 2770; x_wconf 86' lang='lat' dir='ltr'><strong>virtutes</strong></span> <span class='ocrx_word' id='word_1_205' title='bbox 524 2707 698 2789; x_wconf 87' lang='lat' dir='ltr'><strong>sequimur,</strong></span> <span class='ocrx_word' id='word_1_206' title='bbox 721 2707 801 2771; x_wconf 91' lang='lat' dir='ltr'><strong>vitia</strong></span> <span class='ocrx_word' id='word_1_207' title='bbox 821 2706 975 2792; x_wconf 85' lang='lat' dir='ltr'><strong>fugimus,</strong></span> <span class='ocrx_word' id='word_1_208' title='bbox 998 2707 1044 2771; x_wconf 87' lang='lat' dir='ltr'><strong>sic</strong></span> <span class='ocrx_word' id='word_1_209' title='bbox 1063 2706 1176 2770; x_wconf 87' lang='lat' dir='ltr'><strong>critico</strong></span> <span class='ocrx_word' id='word_1_210' title='bbox 1196 2706 1252 2769; x_wconf 91' lang='lat' dir='ltr'><strong>illa</strong></span> <span class='ocrx_word' id='word_1_211' title='bbox 1270 2705 1449 2786; x_wconf 88' lang='lat' dir='ltr'><strong>retinenda,</strong></span> 
     </span>
     <span class='ocr_line' id='line_1_27' title="bbox 303 2794 1447 2880; baseline -0.002 -22"><span class='ocrx_word' id='word_1_212' title='bbox 303 2795 384 2858; x_wconf 89' lang='lat' dir='ltr'><strong>haee</strong></span> <span class='ocrx_word' id='word_1_213' title='bbox 402 2794 564 2860; x_wconf 89' lang='lat' dir='ltr'><strong>reicienda</strong></span> <span class='ocrx_word' id='word_1_214' title='bbox 582 2798 668 2860; x_wconf 89' lang='lat' dir='ltr'><strong>sunt.</strong></span> <span class='ocrx_word' id='word_1_215' title='bbox 709 2795 813 2860; x_wconf 87' lang='lat' dir='ltr'><strong>Immo</strong></span> <span class='ocrx_word' id='word_1_216' title='bbox 832 2797 994 2879; x_wconf 87' lang='lat' dir='ltr'><strong>librarius,</strong></span> <span class='ocrx_word' id='word_1_217' title='bbox 1019 2796 1074 2880; x_wconf 91' lang='lat' dir='ltr'><strong>qui</strong></span> <span class='ocrx_word' id='word_1_218' title='bbox 1093 2799 1144 2859; x_wconf 88' lang='lat' dir='ltr'><strong>tot</strong></span> <span class='ocrx_word' id='word_1_219' title='bbox 1164 2795 1296 2860; x_wconf 91' lang='lat' dir='ltr'><strong>admisit</strong></span> <span class='ocrx_word' id='word_1_220' title='bbox 1313 2797 1447 2879; x_wconf 88' lang='lat' dir='ltr'><strong>peccata</strong></span> 
     </span>
     <span class='ocr_line' id='line_1_28' title="bbox 303 2882 1446 2969; baseline 0 -23"><span class='ocrx_word' id='word_1_221' title='bbox 303 2882 505 2966; x_wconf 90' lang='lat' dir='ltr'><strong>foedissima,</strong></span> <span class='ocrx_word' id='word_1_222' title='bbox 533 2906 598 2949; x_wconf 91' lang='lat' dir='ltr'><strong>non</strong></span> <span class='ocrx_word' id='word_1_223' title='bbox 627 2888 737 2967; x_wconf 88' lang='lat' dir='ltr'><strong>potest</strong></span> <span class='ocrx_word' id='word_1_224' title='bbox 763 2887 1017 2969; x_wconf 76' lang='lat' dir='ltr'><strong>praestantiores</strong></span> <span class='ocrx_word' id='word_1_225' title='bbox 1045 2884 1200 2949; x_wconf 91' lang='lat' dir='ltr'><strong>lectiones</strong></span> <span class='ocrx_word' id='word_1_226' title='bbox 1228 2906 1287 2948; x_wconf 91' lang='lat' dir='ltr'><strong>suo</strong></span> <span class='ocrx_word' id='word_1_227' title='bbox 1316 2882 1446 2969; x_wconf 83' lang='lat' dir='ltr'><strong>ingenio</strong></span> 
     </span>
     <span class='ocr_line' id='line_1_29' title="bbox 305 2973 1448 3059; baseline 0 -23"><span class='ocrx_word' id='word_1_228' title='bbox 305 2973 516 3056; x_wconf 83' lang='lat' dir='ltr'><strong>excogitasse,</strong></span> <span class='ocrx_word' id='word_1_229' title='bbox 540 2973 596 3037; x_wconf 91' lang='lat' dir='ltr'><strong>sed</strong></span> <span class='ocrx_word' id='word_1_230' title='bbox 620 2995 673 3036; x_wconf 90' lang='lat' dir='ltr'><strong>eas</strong></span> <span class='ocrx_word' id='word_1_231' title='bbox 698 2973 732 3037; x_wconf 91' lang='lat' dir='ltr'><strong>in</strong></span> <span class='ocrx_word' id='word_1_232' title='bbox 756 2996 814 3039; x_wconf 93' lang='lat' dir='ltr'><strong>suo</strong></span> <span class='ocrx_word' id='word_1_233' title='bbox 838 2975 1015 3059; x_wconf 84' lang='lat' dir='ltr'><strong>exemplari</strong></span> <span class='ocrx_word' id='word_1_234' title='bbox 1034 2974 1194 3039; x_wconf 87' lang='lat' dir='ltr'><strong>invenisse</strong></span> <span class='ocrx_word' id='word_1_235' title='bbox 1213 2973 1365 3037; x_wconf 90' lang='lat' dir='ltr'><strong>dicendus</strong></span> <span class='ocrx_word' id='word_1_236' title='bbox 1388 2975 1448 3036; x_wconf 89' lang='lat' dir='ltr'><strong>est.</strong></span> 
     </span>
     <span class='ocr_line' id='line_1_30' title="bbox 304 3062 1444 3146; baseline 0 -22"><span class='ocrx_word' id='word_1_237' title='bbox 304 3062 404 3145; x_wconf 90' lang='lat' dir='ltr'><strong>quue</strong></span> <span class='ocrx_word' id='word_1_238' title='bbox 436 3062 522 3126; x_wconf 89' lang='lat' dir='ltr'><strong>haud</strong></span> <span class='ocrx_word' id='word_1_239' title='bbox 555 3063 648 3146; x_wconf 84' lang='lat' dir='ltr'><strong>parvi</strong></span> <span class='ocrx_word' id='word_1_240' title='bbox 682 3063 836 3127; x_wconf 89' lang='lat' dir='ltr'><strong>momenti</strong></span> <span class='ocrx_word' id='word_1_241' title='bbox 871 3068 921 3127; x_wconf 88' lang='lat' dir='ltr'><strong>est</strong></span> <span class='ocrx_word' id='word_1_242' title='bbox 955 3065 995 3128; x_wconf 88' lang='lat' dir='ltr'><strong>ad</strong></span> <span class='ocrx_word' id='word_1_243' title='bbox 1030 3063 1264 3127; x_wconf 84' lang='lat' dir='ltr'><strong>aestimandam</strong></span> <span class='ocrx_word' id='word_1_244' title='bbox 1300 3062 1444 3126; x_wconf 90' lang='lat' dir='ltr'><strong>codicum</strong></span> 
     </span>
     <span class='ocr_line' id='line_1_31' title="bbox 306 3150 1447 3238; baseline 0 -25"><span class='ocrx_word' id='word_1_245' title='bbox 306 3150 535 3214; x_wconf 88' lang='lat' dir='ltr'><strong>Dresdensium</strong></span> <span class='ocrx_word' id='word_1_246' title='bbox 559 3150 616 3235; x_wconf 84' lang='lat' dir='ltr'><strong>(D,</strong></span> <span class='ocrx_word' id='word_1_247' title='bbox 641 3151 675 3237; x_wconf 87' lang='lat' dir='ltr'><strong>d)</strong></span> <span class='ocrx_word' id='word_1_248' title='bbox 699 3153 868 3238; x_wconf 88' lang='lat' dir='ltr'><strong>virtutem,</strong></span> <span class='ocrx_word' id='word_1_249' title='bbox 896 3175 976 3237; x_wconf 91' lang='lat' dir='ltr'><strong>quos</strong></span> <span class='ocrx_word' id='word_1_250' title='bbox 1005 3152 1092 3217; x_wconf 89' lang='lat' dir='ltr'><strong>haud</strong></span> <span class='ocrx_word' id='word_1_251' title='bbox 1119 3174 1194 3217; x_wconf 91' lang='lat' dir='ltr'><strong>raro</strong></span> <span class='ocrx_word' id='word_1_252' title='bbox 1221 3174 1294 3216; x_wconf 90' lang='lat' dir='ltr'><strong>oum</strong></span> <span class='ocrx_word' id='word_1_253' title='bbox 1318 3153 1345 3215; x_wconf 88' lang='lat' dir='ltr'><strong>A</strong></span> <span class='ocrx_word' id='word_1_254' title='bbox 1370 3172 1447 3215; x_wconf 90' lang='lat' dir='ltr'><strong>con-</strong></span> 
     </span>
     <span class='ocr_line' id='line_1_32' title="bbox 305 3239 1446 3324; baseline -0.001 -20"><span class='ocrx_word' id='word_1_255' title='bbox 305 3239 429 3323; x_wconf 90' lang='lat' dir='ltr'><strong>spirare</strong></span> <span class='ocrx_word' id='word_1_256' title='bbox 454 3239 687 3322; x_wconf 90' lang='lat' dir='ltr'><strong>deprehendas:</strong></span> <span class='ocrx_word' id='word_1_257' title='bbox 716 3245 898 3306; x_wconf 83' lang='lat' dir='ltr'><strong>cumcuim</strong></span> <span class='ocrx_word' id='word_1_258' title='bbox 923 3247 1019 3306; x_wconf 89' lang='lat' dir='ltr'><strong>antea</strong></span> <span class='ocrx_word' id='word_1_259' title='bbox 1042 3242 1172 3324; x_wconf 93' lang='lat' dir='ltr'><strong>horum,</strong></span> <span class='ocrx_word' id='word_1_260' title='bbox 1199 3244 1313 3324; x_wconf 89' lang='lat' dir='ltr'><strong>utpote</strong></span> <span class='ocrx_word' id='word_1_261' title='bbox 1339 3262 1446 3305; x_wconf 88' lang='lat' dir='ltr'><strong>recen·</strong></span> 
     </span>
     <span class='ocr_line' id='line_1_33' title="bbox 304 3328 1446 3415; baseline 0 -23"><span class='ocrx_word' id='word_1_262' title='bbox 304 3329 440 3414; x_wconf 89' lang='lat' dir='ltr'><strong>tiorum,</strong></span> <span class='ocrx_word' id='word_1_263' title='bbox 468 3328 623 3394; x_wconf 89' lang='lat' dir='ltr'><strong>lectiones</strong></span> <span class='ocrx_word' id='word_1_264' title='bbox 652 3330 783 3415; x_wconf 84' lang='lat' dir='ltr'><strong>ingenio</strong></span> <span class='ocrx_word' id='word_1_265' title='bbox 811 3332 936 3396; x_wconf 89' lang='lat' dir='ltr'><strong>librarii</strong></span> <span class='ocrx_word' id='word_1_266' title='bbox 960 3331 1094 3396; x_wconf 88' lang='lat' dir='ltr'><strong>alicuius</strong></span> <span class='ocrx_word' id='word_1_267' title='bbox 1119 3330 1229 3395; x_wconf 90' lang='lat' dir='ltr'><strong>deberi</strong></span> <span class='ocrx_word' id='word_1_268' title='bbox 1251 3330 1446 3413; x_wconf 88' lang='lat' dir='ltr'><strong>viderentur,</strong></span> 
     </span>
     <span class='ocr_line' id='line_1_34' title="bbox 303 3419 1447 3503; baseline -0.001 -20"><span class='ocrx_word' id='word_1_269' title='bbox 303 3440 388 3483; x_wconf 90' lang='lat' dir='ltr'><strong>nunc</strong></span> <span class='ocrx_word' id='word_1_270' title='bbox 416 3440 470 3482; x_wconf 90' lang='lat' dir='ltr'><strong>eas</strong></span> <span class='ocrx_word' id='word_1_271' title='bbox 499 3419 564 3483; x_wconf 90' lang='lat' dir='ltr'><strong>iam</strong></span> <span class='ocrx_word' id='word_1_272' title='bbox 594 3420 722 3484; x_wconf 89' lang='lat' dir='ltr'><strong>saeculo</strong></span> <span class='ocrx_word' id='word_1_273' title='bbox 747 3421 870 3484; x_wconf 89' lang='lat' dir='ltr'><strong>decimo</strong></span> <span class='ocrx_word' id='word_1_274' title='bbox 899 3423 934 3485; x_wconf 93' lang='lat' dir='ltr'><strong>in</strong></span> <span class='ocrx_word' id='word_1_275' title='bbox 962 3421 1054 3484; x_wconf 90' lang='lat' dir='ltr'><strong>libris</strong></span> <span class='ocrx_word' id='word_1_276' title='bbox 1080 3420 1308 3502; x_wconf 88' lang='lat' dir='ltr'><strong>manuscriptis</strong></span> <span class='ocrx_word' id='word_1_277' title='bbox 1331 3441 1447 3503; x_wconf 91' lang='lat' dir='ltr'><strong>propa-</strong></span> 
     </span>
     <span class='ocr_line' id='line_1_35' title="bbox 305 3507 1446 3593; baseline -0.001 -22"><span class='ocrx_word' id='word_1_278' title='bbox 305 3513 398 3592; x_wconf 83' lang='lat' dir='ltr'><strong>gatas</strong></span> <span class='ocrx_word' id='word_1_279' title='bbox 423 3529 494 3572; x_wconf 89' lang='lat' dir='ltr'><strong>esse</strong></span> <span class='ocrx_word' id='word_1_280' title='bbox 519 3511 655 3572; x_wconf 91' lang='lat' dir='ltr'><strong>constat.</strong></span> <span class='ocrx_word' id='word_1_281' title='bbox 703 3509 824 3573; x_wconf 87' lang='lat' dir='ltr'><strong>Deinde</strong></span> <span class='ocrx_word' id='word_1_282' title='bbox 847 3509 909 3574; x_wconf 95' lang='lat' dir='ltr'><strong>hoc</strong></span> <span class='ocrx_word' id='word_1_283' title='bbox 934 3531 1061 3593; x_wconf 93' lang='lat' dir='ltr'><strong>quoque</strong></span> <span class='ocrx_word' id='word_1_284' title='bbox 1088 3513 1255 3592; x_wconf 90' lang='lat' dir='ltr'><strong>acceptum</strong></span> <span class='ocrx_word' id='word_1_285' title='bbox 1278 3507 1446 3571; x_wconf 84' lang='lat' dir='ltr'><strong>referimus</strong></span> 
     </span>
     <span class='ocr_line' id='line_1_36' title="bbox 304 3597 1446 3681; baseline 0 -21"><span class='ocrx_word' id='word_1_286' title='bbox 304 3597 621 3681; x_wconf 87' lang='lat' dir='ltr'><strong>Ashburnhamensi,</strong></span> <span class='ocrx_word' id='word_1_287' title='bbox 652 3598 736 3681; x_wconf 91' lang='lat' dir='ltr'><strong>quod</strong></span> <span class='ocrx_word' id='word_1_288' title='bbox 765 3621 846 3662; x_wconf 91' lang='lat' dir='ltr'><strong>unus</strong></span> <span class='ocrx_word' id='word_1_289' title='bbox 875 3600 1019 3664; x_wconf 83' lang='lat' dir='ltr'><strong>servavit</strong></span> <span class='ocrx_word' id='word_1_290' title='bbox 1048 3597 1272 3664; x_wconf 89' lang='lat' dir='ltr'><strong>commentarii</strong></span> <span class='ocrx_word' id='word_1_291' title='bbox 1299 3597 1446 3661; x_wconf 86' lang='lat' dir='ltr'><strong>titulum:</strong></span> 
     </span>
     <span class='ocr_line' id='line_1_37' title="bbox 305 3684 655 3750; baseline 0.009 -3"><span class='ocrx_word' id='word_1_292' title='bbox 305 3684 357 3748; x_wconf 91' lang='lat' dir='ltr'><strong>De</strong></span> <span class='ocrx_word' id='word_1_293' title='bbox 382 3686 486 3750; x_wconf 92' lang='lat' dir='ltr'><strong>bello</strong></span> <span class='ocrx_word' id='word_1_294' title='bbox 514 3687 655 3750; x_wconf 87' lang='lat' dir='ltr'><strong>Africo.</strong></span> 
     </span>
    </p>

    <p class='ocr_par' dir='ltr' id='par_1_5' title="bbox 303 3773 1448 4575">
     <span class='ocr_line' id='line_1_38' title="bbox 393 3773 1447 3860; baseline 0 -23"><span class='ocrx_word' id='word_1_295' title='bbox 393 3773 425 3837; x_wconf 92' lang='lat' dir='ltr'>N</span> <span class='ocrx_word' id='word_1_296' title='bbox 428 3797 480 3838; x_wconf 89' lang='lat' dir='ltr'><strong>am</strong></span> <span class='ocrx_word' id='word_1_297' title='bbox 502 3775 587 3857; x_wconf 94' lang='lat' dir='ltr'><strong>quod</strong></span> <span class='ocrx_word' id='word_1_298' title='bbox 611 3775 711 3840; x_wconf 89' lang='lat' dir='ltr'><strong>edidit</strong></span> <span class='ocrx_word' id='word_1_299' title='bbox 731 3775 946 3860; x_wconf 90' lang='lat' dir='ltr'><strong>Nipperdeius</strong></span> <span class='ocrx_word' id='word_1_300' title='bbox 971 3775 1111 3842; x_wconf 77' lang='lat' dir='ltr'><strong>‘Bellum</strong></span> <span class='ocrx_word' id='word_1_301' title='bbox 1131 3774 1283 3858; x_wconf 85' lang='lat' dir='ltr'><strong>Africae&#39;,</strong></span> <span class='ocrx_word' id='word_1_302' title='bbox 1307 3776 1447 3858; x_wconf 87' lang='lat' dir='ltr'><strong>sumpsit</strong></span> 
     </span>
     <span class='ocr_line' id='line_1_39' title="bbox 304 3862 1447 3949; baseline 0.002 -24"><span class='ocrx_word' id='word_1_303' title='bbox 304 3862 337 3925; x_wconf 95' lang='lat' dir='ltr'><strong>id</strong></span> <span class='ocrx_word' id='word_1_304' title='bbox 362 3863 490 3946; x_wconf 91' lang='lat' dir='ltr'><strong>quidem</strong></span> <span class='ocrx_word' id='word_1_305' title='bbox 514 3886 552 3927; x_wconf 85' lang='lat' dir='ltr'><strong>ex</strong></span> <span class='ocrx_word' id='word_1_306' title='bbox 576 3865 722 3949; x_wconf 91' lang='lat' dir='ltr'><strong>optimis,</strong></span> <span class='ocrx_word' id='word_1_307' title='bbox 751 3865 806 3948; x_wconf 91' lang='lat' dir='ltr'><strong>qui</strong></span> <span class='ocrx_word' id='word_1_308' title='bbox 835 3867 863 3929; x_wconf 91' lang='lat' dir='ltr'><strong>ei</strong></span> <span class='ocrx_word' id='word_1_309' title='bbox 891 3869 962 3930; x_wconf 89' lang='lat' dir='ltr'><strong>tum</strong></span> <span class='ocrx_word' id='word_1_310' title='bbox 985 3871 1115 3949; x_wconf 87' lang='lat' dir='ltr'><strong>praesto</strong></span> <span class='ocrx_word' id='word_1_311' title='bbox 1139 3870 1246 3949; x_wconf 88' lang='lat' dir='ltr'><strong>erant,</strong></span> <span class='ocrx_word' id='word_1_312' title='bbox 1275 3864 1447 3946; x_wconf 83' lang='lat' dir='ltr'><strong>codicibus,</strong></span> 
     </span>
     <span class='ocr_line' id='line_1_40' title="bbox 306 3952 1447 4039; baseline 0 -23"><span class='ocrx_word' id='word_1_313' title='bbox 306 3953 360 4016; x_wconf 87' lang='lat' dir='ltr'><strong>sed</strong></span> <span class='ocrx_word' id='word_1_314' title='bbox 381 3953 497 4035; x_wconf 89' lang='lat' dir='ltr'><strong>quibus</strong></span> <span class='ocrx_word' id='word_1_315' title='bbox 518 3952 655 4017; x_wconf 91' lang='lat' dir='ltr'><strong>aliorum</strong></span> <span class='ocrx_word' id='word_1_316' title='bbox 676 3954 871 4039; x_wconf 89' lang='lat' dir='ltr'><strong>scriptorum</strong></span> <span class='ocrx_word' id='word_1_317' title='bbox 891 3956 1047 4039; x_wconf 87' lang='lat' dir='ltr'><strong>exemplis</strong></span> <span class='ocrx_word' id='word_1_318' title='bbox 1071 3955 1145 4020; x_wconf 85' lang='lat' dir='ltr'><strong>talis</strong></span> <span class='ocrx_word' id='word_1_319' title='bbox 1165 3953 1290 4019; x_wconf 87' lang='lat' dir='ltr'><strong>dicendi</strong></span> <span class='ocrx_word' id='word_1_320' title='bbox 1313 3953 1447 4018; x_wconf 88' lang='lat' dir='ltr'><strong>audacia</strong></span> 
     </span>
     <span class='ocr_line' id='line_1_41' title="bbox 307 4043 1448 4129; baseline 0 -25"><span class='ocrx_word' id='word_1_321' title='bbox 307 4043 452 4105; x_wconf 85' lang='lat' dir='ltr'><strong>excusari</strong></span> <span class='ocrx_word' id='word_1_322' title='bbox 471 4045 592 4126; x_wconf 87' lang='lat' dir='ltr'><strong>posset,</strong></span> <span class='ocrx_word' id='word_1_323' title='bbox 612 4064 678 4107; x_wconf 93' lang='lat' dir='ltr'><strong>non</strong></span> <span class='ocrx_word' id='word_1_324' title='bbox 696 4044 879 4109; x_wconf 87' lang='lat' dir='ltr'><strong>declaravit.</strong></span> <span class='ocrx_word' id='word_1_325' title='bbox 913 4043 1063 4110; x_wconf 81' lang='lat' dir='ltr'><strong>Ceterum</strong></span> <span class='ocrx_word' id='word_1_326' title='bbox 1083 4043 1227 4129; x_wconf 84' lang='lat' dir='ltr'><strong>quisquis</strong></span> <span class='ocrx_word' id='word_1_327' title='bbox 1245 4043 1308 4106; x_wconf 89' lang='lat' dir='ltr'><strong>fuit</strong></span> <span class='ocrx_word' id='word_1_328' title='bbox 1328 4047 1448 4126; x_wconf 89' lang='lat' dir='ltr'><strong>auctor,</strong></span> 
     </span>
     <span class='ocr_line' id='line_1_42' title="bbox 305 4129 1447 4217; baseline 0.001 -24"><span class='ocrx_word' id='word_1_329' title='bbox 305 4131 451 4194; x_wconf 90' lang='lat' dir='ltr'><strong>libellum</strong></span> <span class='ocrx_word' id='word_1_330' title='bbox 476 4153 569 4194; x_wconf 90' lang='lat' dir='ltr'><strong>suum</strong></span> <span class='ocrx_word' id='word_1_331' title='bbox 596 4154 662 4196; x_wconf 92' lang='lat' dir='ltr'><strong>non</strong></span> <span class='ocrx_word' id='word_1_332' title='bbox 686 4154 829 4196; x_wconf 89' lang='lat' dir='ltr'><strong>seorsum</strong></span> <span class='ocrx_word' id='word_1_333' title='bbox 855 4134 1012 4198; x_wconf 87' lang='lat' dir='ltr'><strong>edendum</strong></span> <span class='ocrx_word' id='word_1_334' title='bbox 1041 4134 1185 4217; x_wconf 91' lang='lat' dir='ltr'><strong>scripsit,</strong></span> <span class='ocrx_word' id='word_1_335' title='bbox 1214 4132 1269 4196; x_wconf 90' lang='lat' dir='ltr'><strong>sed</strong></span> <span class='ocrx_word' id='word_1_336' title='bbox 1297 4134 1345 4195; x_wconf 90' lang='lat' dir='ltr'><strong>uti</strong></span> <span class='ocrx_word' id='word_1_337' title='bbox 1370 4129 1447 4196; x_wconf 81' lang='lat' dir='ltr'><strong>Gae-</strong></span> 
     </span>
     <span class='ocr_line' id='line_1_43' title="bbox 305 4219 1445 4306; baseline 0 -24"><span class='ocrx_word' id='word_1_338' title='bbox 305 4219 388 4283; x_wconf 90' lang='lat' dir='ltr'><strong>saris</strong></span> <span class='ocrx_word' id='word_1_339' title='bbox 413 4220 451 4284; x_wconf 94' lang='lat' dir='ltr'><strong>de</strong></span> <span class='ocrx_word' id='word_1_340' title='bbox 475 4220 561 4283; x_wconf 88' lang='lat' dir='ltr'><strong>bello</strong></span> <span class='ocrx_word' id='word_1_341' title='bbox 586 4220 673 4285; x_wconf 86' lang='lat' dir='ltr'><strong>civili</strong></span> <span class='ocrx_word' id='word_1_342' title='bbox 694 4223 936 4288; x_wconf 90' lang='lat' dir='ltr'><strong>commentariis</strong></span> <span class='ocrx_word' id='word_1_343' title='bbox 957 4224 1079 4287; x_wconf 89' lang='lat' dir='ltr'><strong>madius</strong></span> <span class='ocrx_word' id='word_1_344' title='bbox 1100 4223 1310 4306; x_wconf 70' lang='lat' dir='ltr'><strong>insereretur,</strong></span> <span class='ocrx_word' id='word_1_345' title='bbox 1334 4221 1445 4303; x_wconf 87' lang='lat' dir='ltr'><strong>itaque</strong></span> 
     </span>
     <span class='ocr_line' id='line_1_44' title="bbox 303 4299 1445 4394; baseline 0.002 -24"><span class='ocrx_word' id='word_1_346' title='bbox 303 4329 370 4371; x_wconf 92' lang='lat' dir='ltr'><strong>non</strong></span> <span class='ocrx_word' id='word_1_347' title='bbox 392 4309 497 4394; x_wconf 85' lang='lat' dir='ltr'><strong>magis</strong></span> <span class='ocrx_word' id='word_1_348' title='bbox 520 4309 734 4375; x_wconf 90' lang='lat' dir='ltr'><strong>laborandum</strong></span> <span class='ocrx_word' id='word_1_349' title='bbox 758 4313 820 4375; x_wconf 89' lang='lat' dir='ltr'><strong>fuit</strong></span> <span class='ocrx_word' id='word_1_350' title='bbox 847 4314 896 4377; x_wconf 92' lang='lat' dir='ltr'><strong>illi</strong></span> <span class='ocrx_word' id='word_1_351' title='bbox 922 4313 960 4376; x_wconf 95' lang='lat' dir='ltr'><strong>de</strong></span> <span class='ocrx_word' id='word_1_352' title='bbox 983 4312 1081 4376; x_wconf 90' lang='lat' dir='ltr'><strong>titulo</strong></span> <span class='ocrx_word' id='word_1_353' title='bbox 1106 4333 1201 4394; x_wconf 91' lang='lat' dir='ltr'><strong>quam</strong></span> <span class='ocrx_word' id='word_1_354' title='bbox 1228 4299 1353 4374; x_wconf 72' lang='lat' dir='ltr'><strong>auctdri</strong></span> <span class='ocrx_word' id='word_1_355' title='bbox 1377 4310 1445 4372; x_wconf 90' lang='lat' dir='ltr'><strong>eius</strong></span> 
     </span>
     <span class='ocr_line' id='line_1_45' title="bbox 303 4397 1445 4485; baseline 0.002 -26"><span class='ocrx_word' id='word_1_356' title='bbox 303 4397 536 4480; x_wconf 89' lang='lat' dir='ltr'><strong>commentarii,</strong></span> <span class='ocrx_word' id='word_1_357' title='bbox 557 4421 650 4482; x_wconf 88' lang='lat' dir='ltr'><strong>quem</strong></span> <span class='ocrx_word' id='word_1_358' title='bbox 671 4400 805 4465; x_wconf 74' lang='lat' dir='ltr'><strong>‘bellum</strong></span> <span class='ocrx_word' id='word_1_359' title='bbox 824 4399 1091 4465; x_wconf 81' lang='lat' dir='ltr'><strong>Alexandrinum&#39;</strong></span> <span class='ocrx_word' id='word_1_360' title='bbox 1111 4400 1283 4485; x_wconf 74' lang='lat' dir='ltr'><strong>(etheis.</strong></span> <span class='ocrx_word' id='word_1_361' title='bbox 1300 4397 1350 4461; x_wconf 88' lang='grc' dir='ltr'><strong>ΙΠ</strong></span> <span class='ocrx_word' id='word_1_362' title='bbox 1367 4397 1445 4472; x_wconf 67' lang='grc'>112)</span> 
     </span>
     <span class='ocr_line' id='line_1_46' title="bbox 303 4485 1446 4575; baseline 0.001 -26"><span class='ocrx_word' id='word_1_363' title='bbox 303 4485 408 4550; x_wconf 85' lang='lat' dir='ltr'><strong>dicere</strong></span> <span class='ocrx_word' id='word_1_364' title='bbox 441 4488 681 4572; x_wconf 85' lang='lat' dir='ltr'><strong>consuevimus,</strong></span> <span class='ocrx_word' id='word_1_365' title='bbox 713 4512 828 4573; x_wconf 89' lang='lat' dir='ltr'><strong>parum</strong></span> <span class='ocrx_word' id='word_1_366' title='bbox 860 4496 962 4574; x_wconf 88' lang='lat' dir='ltr'><strong>recte,</strong></span> <span class='ocrx_word' id='word_1_367' title='bbox 995 4489 1149 4575; x_wconf 89' lang='lat' dir='ltr'><strong>quoniam</strong></span> <span class='ocrx_word' id='word_1_368' title='bbox 1182 4491 1240 4553; x_wconf 89' lang='lat' dir='ltr'><strong>illa</strong></span> <span class='ocrx_word' id='word_1_369' title='bbox 1275 4486 1446 4571; x_wconf 88' lang='lat' dir='ltr'><strong>inscriptio</strong></span> 
     </span>
    </p>
   </div>
   <div class='ocr_carea' id='block_1_4' title="bbox 0 0 1651 5132">
    <p class='ocr_par' dir='ltr' id='par_1_6' title="bbox 0 0 1651 5132">
     <span class='ocr_line' id='line_1_47' title="bbox 0 0 1651 5132; baseline 0 0"><span class='ocrx_word' id='word_1_370' title='bbox 0 0 1651 5132; x_wconf 95' lang='lat' dir='ltr'><strong> </strong></span> 
     </span>
    </p>
   </div>
  </div>
 </body>
</html>
