3292 5132
317 381 409 438 XXVI
590 447 591 450 Ἰ
784 380 999 439 PRAEFATIO.

317 545 464 611 hostium
495 545 605 630 copias
635 545 676 609 ab
705 567 739 609 se
768 567 889 630 suoque
922 546 1092 632 vestigio
1124 569 1191 612 non
1218 549 1462 614 discessurae

318 634 546 699 existimabat'.
593 631 674 698 (lum
703 634 788 699 enim
821 632 1034 720 proverbialis
1067 636 1152 719 apud
1180 636 1344 702 Romanos
1376 641 1463 702 essct

317 724 439 789 locutio
468 723 549 788 ‘non
577 724 692 814 pedem
716 722 781 808 (vel
807 721 901 808 pede)
931 724 1091 790 discedere
1120 726 1161 789 ab
1190 725 1315 811 aliquo'
1340 723 1462 812 (Plaut.

316 811 409 878 Asin.
424 813 488 878 603
512 834 553 878 ne
575 812 639 876 istc
662 811 770 877 hercle
789 813 831 877 ab
854 813 919 877 ista
938 835 1004 878 non
1022 815 1136 897 pedem
1159 814 1312 880 discedat.
1346 814 1410 881 Cic.
1430 839 1462 900 p.

317 902 423 968 Deiot.
442 903 486 966 42
509 905 609 984 negat
631 923 786 984 umquam
810 923 845 965 se
865 924 883 965 3
902 907 934 966 te
958 904 1071 985 pedem
1096 903 1289 969 discessisse.
1326 903 1460 979 Quintil.

317 990 398 1056 decl.
423 991 496 1055 mai.
517 991 550 1074 6,
572 991 613 1054 14
650 1012 754 1072 neque
791 990 885 1074 pede,
919 991 1004 1074 quod
1038 992 1144 1073 aiunt,
1175 1015 1239 1057 uno
1275 1015 1294 1057 3
1326 997 1461 1077 parente

318 1078 481 1164 discessi),
505 1079 669 1144 ablativus
694 1077 866 1164 ‘vestigio'
895 1101 965 1144 cum
991 1081 1089 1144 verbo
1119 1081 1303 1146 discedendi
1330 1081 1460 1146 coniun-

319 1167 442 1256 gendus
466 1171 530 1252 est,
562 1171 595 1231 et
627 1189 686 1251 pro
710 1166 865 1251 ‘suoque'
899 1167 975 1252 (PU
999 1169 1152 1256 suosque)
1182 1174 1238 1234 aut
1261 1170 1460 1235 33133333-

319 1257 422 1342 grafio
455 1257 689 1321 emendandum
720 1255 883 1340 ‘suisque'
912 1260 969 1320 aut
996 1258 1129 1322 verbum
1156 1260 1254 1343 plane
1282 1259 1461 1326 delendum.

319 1347 411 1423 Quod
435 1349 542 1411 autem
567 1348 679 1410 auctor
703 1346 779 1410 belli
797 1343 901 1410 Africi
925 1367 983 1428 pro
1005 1344 1108 1431 ‘pede'
1133 1347 1265 1431 scripsit
1288 1347 1460 1432 ‘vestigio'‚

317 1441 350 1500 et
372 1439 503 1520 poetam
527 1434 645 1520 arguit,
662 1456 766 1518 neque
786 1433 869 1498 forte
892 1433 1024 1499 fortuna
1046 1435 1168 1500 factum
1187 1458 1259 1500 esse
1282 1440 1400 1521 potest,
1418 1441 1457 1502 nt

316 1523 451 1589 Asinius
479 1525 514 1588 in
543 1523 633 1606 epist.
655 1524 704 1606 10,
724 1524 815 1605 31,6
844 1523 999 1588 scriberet
1027 1523 1168 1588 ‘nullum
1196 1525 1371 1610 vestigium
1400 1527 1458 1590 abs

315 1619 348 1679 te
372 1613 572 1678 discessurus
596 1611 688 1695 sum',
713 1612 797 1695 quod
821 1615 935 1695 postea
958 1612 1105 1677 imitatus
1129 1615 1179 1678 est
1197 1612 1307 1678 Livius
1326 1615 1378 1695 27,
1392 1616 1456 1698 4‚1

313 1702 466 1787 negantis
491 1700 721 1783 erepublica
749 1723 819 1764 esse
843 1701 1018 1786 vestigium
1047 1703 1176 1768 abscedi
1200 1704 1241 1767 ab
1266 1703 1459 1789 Hannibale,

316 1798 348 1857 33
370 1791 522 1855 falsarius
540 1791 611 1872 ille,
635 1789 690 1873 qui
709 1791 840 1872 scripsit
858 1793 1043 1854 orationum
1062 1789 1318 1876 Philippicarum
1338 1792 1458 1856 librum

313 1881 384 1946 XV.
412 1879 500 1944 XVI.
529 1878 632 1944 XVII.
669 1874 754 1964 apdd
786 1876 984 1943 Arusianum
1023 1879 1179 1945 Messium
1211 1878 1369 1966 (Gramm.
1403 1882 1460 1946 lat.

313 1970 378 2035 VII
396 1971 471 2053 467,
493 1968 534 2033 15
553 1967 619 2052 Κ.);
643 1968 746 2032 latere
765 1967 833 2032 eius
853 1965 959 2054 (codd.
978 1969 1161 2054 laterensis3
1184 1969 1258 2034 Keil
1276 1971 1379 2034 latere
1399 1967 1459 2056 sis)

313 2083 354 2124 ne
377 2059 553 2142 vestigium
576 2057 704 2141 quidem
728 2056 865 2122 deflexit.

407 2145 620 2212 Conferamus
648 2147 712 2210 iarn
736 2148 865 2210 nostras
889 2166 961 2210 oum
985 2145 1244 2212 adversariorum
1266 2148 1458 2213 rationibus.

318 2236 400 2302 (lum
424 2236 509 2301 enim
528 2235 701 2300 admodum
720 2235 824 2299 multa
842 2234 929 2298 inter
950 2257 983 2298 se
1002 2236 1215 2319 congruentia
1233 2237 1460 2317 invenerimus,

319 2327 435 2411 quibus
465 2326 560 2389 rebus
593 2323 642 2388 illi
676 2323 783 2388 (113333
814 2323 933 2388 distare
966 2324 1122 2407 epistulas
1155 2347 1174 2388 a
1206 2325 1291 2390 bello
1323 2325 1460 2390 Africo?

316 2418 425 2500 Atque
455 2415 490 2478 in
520 2414 632 2478 oeulos
662 2412 848 2478 incurrebat
877 2412 992 2496 plane
1024 2414 1092 2478 illic
1123 2418 1237 2498 quater
1266 2418 1458 2498 usurpatum

317 2527 387 2570 3333
411 2501 477 2592 (31,
497 2505 517 2568 2
540 2527 571 2588 p.
588 2506 692 2585 tntus;
716 2525 745 2586 p.
769 2501 1169 2587 nondubitante1331,5
1193 2503 1272 2568 civis
1295 2526 1326 2587 p.
1345 2503 1458 2569 studeo

318 2617 388 2660 esse
413 2595 536 2675 salv0s3
559 2592 649 2675 32,1
675 2590 810 2676 phane
834 2587 1044 2677 peculiatus),
1071 2614 1111 2655 ne
1140 2613 1203 2657 uno
1231 2593 1358 2675 quidem
1385 2594 1458 2658 loco

316 2685 350 2748 in
370 2681 617 2763 commentari03
636 2702 730 2764 quern
744 2680 926 2744 dissensum
945 2680 1136 2745 sustulimus
1151 2680 1216 2744 leni
1235 2681 1457 2747 emendatione

315 2775 368 2853 22,
386 2774 421 2854 2,
446 2771 503 2835 nbi
526 2792 585 2854 pro
610 2769 750 2833 ‘Italiam
775 2790 878 2852 paene
903 2770 1104 2853 oppressam'
1127 2770 1362 2834 restituendum
1385 2775 1458 2836 erat

315 2861 430 2944 ‘plane
464 2879 653 2942 oppressam
663 2857 683 2922 '.
737 2855 851 2941 Neque
883 2858 998 2943 negari
1030 2862 1138 2942 potest
1170 2881 1259 2923 vero
1292 2859 1360 2923 illic
1392 2861 1457 2944 legi

315 2951 443 3015 sexiens
467 2947 533 3030 (31,
554 2948 581 3011 1.
600 2948 630 3011 2.
655 2947 706 3030 32,
726 2948 746 3011 3
765 2945 825 3011 bis.
845 2946 890 3030 4),
914 2950 1026 3012 contra
1049 2948 1219 3012 delendum
1244 2969 1313 3012 esse
1336 2949 1367 3012 b.
1387 2947 1456 3014 Afr.
1518 3001 1520 3007 ,

250 3049 254 3056 ’
317 3041 372 3123 77,
390 3039 426 3121 4;
453 3036 573 3100 falsum
600 3041 724 3119 tamen,
751 3035 835 3119 quod
863 3035 897 3099 in
926 3035 1135 3101 adnotatione
1168 3037 1209 3101 ad
1235 3038 1322 3101 hunc
1349 3038 1458 3102 locum·

316 3129 437 3192 dictum
466 3130 528 3210 est,
557 3123 665 3189 ‘vero’
689 3146 848 3208 nusquam
871 3125 1028 3209 scriptum
1056 3147 1126 3190 3333
1154 3126 1188 3189 in
1216 3127 1456 3192 commentario.

316 3217 363 3282 Of.
382 3217 469 3300 48,3
492 3218 665 3298 postquam
685 3235 758 3277 vero
779 3216 885 3278 castra
905 3214 1020 3278 castris
1039 3215 1186 3279 contulit.
1220 3214 1454 3280 Gravissimum

314 3307 455 3370 fortasse
488 3304 550 3367 hoe
583 3306 647 3381 est,
683 3303 784 3388 qnod,
816 3303 871 3384 qui
897 3304 1032 3387 litteras
1064 3303 1105 3366 ad
1138 3302 1326 3368 Ciceronem
1359 3303 1455 3390 dedit,

316 3394 446 3476 scripsit
472 3391 549 3457 etsi
579 3395 612 3455 et
639 3391 1005 3473 3333333131,1.2.6.
1029 3393 1126 3476 33,1,
1154 3396 1267 3456 auctor
1295 3414 1454 3458 commen·

314 3483 390 3549 tarii
414 3503 639 3567 quamquam
663 3481 692 3562 6,
712 3481 742 3545 2.
770 3482 822 3556 31,
842 3482 871 3544 5.
900 3482 951 3563 88,
970 3481 999 3545 5.
1042 3479 1104 3545 Sed
1126 3503 1167 3545 ne
1191 3503 1229 3545 ex
1247 3481 1309 3546 333
1328 3481 1455 3566 quidem
1514 3524 1518 3532 ,

314 3595 348 3638 re
377 3573 471 3636 licere
501 3569 718 3634 coniecturam
746 3568 865 3652 facere,
888 3570 1046 3653 intellexi,
1074 3591 1145 3634 cum
1174 3571 1296 3634 amicus
1325 3571 1454 3654 quidam

316 3660 547 3746 gloriabundus
572 3658 612 3722 ad
636 3680 686 3722 me
711 3657 903 3741 scripsisset,
927 3681 996 3743 que
1021 3659 1200 3723 sexcenties
1223 3659 1289 3742 legi
1312 3660 1348 3723 in
1372 3681 1456 3725 com-

315 3748 487 3828 mentario,
511 3770 670 3831 nusquam
693 3746 728 3810 in
752 3747 913 3831 epistulis,
936 3747 1070 3832 ideoque
1094 3747 1246 3812 Asinium
1270 3769 1336 3812 non
1359 3770 1454 3832 posse

315 3837 481 3921 scripsisse
513 3837 634 3900 bellum
666 3833 822 3900 Africum.
873 3835 919 3899 At
951 3837 1006 3921 qui
1037 3837 1173 3901 nimium
1205 3839 1338 3922 probat,
1370 3837 1454 3901 nihil

315 3928 446 4013 probat,
470 3925 620 4008 cassique
644 3925 785 3988 dandum
809 3946 878 3988 esse
900 3925 980 3989 illud
1001 3925 1107 3990 Asinii
1130 3926 1315 4011 fragmenta
1338 3927 1455 3991 docent

316 4017 401 4099 apud
430 4014 501 4079 Seu.
525 4036 609 4078 suas.
633 4013 729 4096 6,15
757 4013 1016 4099 multiplicesque
1045 4011 1252 4101 (orationes)3
1281 4016 1315 4099 6,
1334 4016 1377 4079 24
1404 4019 1455 4081 333

248 4163 254 4176 ,
314 4105 479 4189 tantisque
503 4102 669 4186 operibus3
693 4123 910 4188 prosperaque
932 4103 1098 4186 valetud03
1123 4103 1257 4168 consilio
1281 4104 1455 4169 industria-

315 4217 389 4279 que3
420 4192 610 4276 certiorque.
660 4190 773 4276 Itaque
803 4192 890 4257 haud
920 4192 1015 4257 dubie
1046 4215 1122 4257 usus
1154 4197 1203 4258 est
1232 4192 1365 4257 Asinius
1394 4194 1456 4258 hac

315 4282 488 4366 particula3
520 4281 575 4345 sed
603 4281 690 4365 quod
716 4286 783 4344 tres
814 4281 972 4367 epistulae
1000 4304 1040 4344 ne
1068 4304 1167 4345 unum
1196 4281 1325 4366 quidem
1353 4303 1456 4346 exem·

186 4399 191 4408 ·
315 4372 406 4455 plum
430 4370 691 4452 subministrant,
716 4369 799 4433 nihil
823 4372 909 4436 valet
932 4371 971 4434 ad
995 4371 1078 4436 hane
1102 4371 1356 4436 controversiam
1380 4371 1456 4435 diri-

317 4460 475 4526 mendam.
535 4457 619 4536 Quin
656 4460 752 4523 etiam
790 4481 887 4525 causa
924 4460 1060 4524 inveniri
1097 4462 1222 4544 potest,
1263 4482 1319 4524 cur
1361 4461 1456 4526 aliter
