3292 5132
651 343 862 402 PRAEFATIO.
1216 341 1334 404 XXXIII

182 511 291 578 solum
315 514 480 576 auctorem
504 509 636 595 linguae
663 533 798 597 graecae
826 509 927 576 fuisse
956 532 1094 595 gnarum
1121 511 1335 600 intellegitur,

185 603 242 668 sed
266 603 301 665 in
324 601 498 666 verborum
521 623 580 666 usu
610 599 664 686 (cf.
689 603 724 684 1,
743 601 763 665 6
787 601 924 665 existere
949 631 990 652 =
1015 599 1222 687 ἐξίστασθαι)
1245 604 1336 667 etin

182 691 316 774 syntaxi
337 688 405 775 (78,
422 689 462 754 10
481 694 580 773 caput
598 690 698 774 ictus,
721 689 808 773 111
827 689 994 754 brachium
1017 690 1128 774 gladio
1147 689 1335 778 percussus)

180 780 340 846 nonnulla
351 779 548 844 Graecorum
562 779 744 844 orationem
759 779 883 843 imitari
898 779 1093 844 monendum
1107 784 1167 843 est.
1188 779 1335 865 Denique

183 870 363 934 adiciamus
391 875 556 932 auctorem
581 890 649 933 esse
673 890 760 949 eum,
791 868 846 951 qui
870 869 954 953 quod
978 873 1036 932 aut
1059 891 1097 934 ex
1120 891 1178 932 suo
1202 870 1334 955 ingenio

183 959 279 1022 finxit
303 962 359 1021 aut
383 975 421 1021 ex
451 962 623 1041 poetarum
651 957 783 1022 licentia
811 957 875 1022 sibi
902 958 1093 1041 assumpsit,
1124 959 1264 1042 posteris
1287 959 1336 1023 ita

181 1047 432 1130 commendaret,
467 1052 503 1110 ut
535 1047 645 1111 eadem
678 1046 765 1130 apud
793 1045 936 1131 Livium,
969 1045 1146 1130 Volteium,
1179 1045 1335 1134 Curtium,

181 1136 333 1200 Tacitum
355 1135 511 1200 invenias.
560 1136 610 1200 1111
635 1158 697 1220 quo
721 1157 839 1221 genere
864 1136 1057 1222 gravissima
1080 1157 1225 1221 quaeque
1249 1159 1335 1202 com-

182 1247 382 1290 memorasse
407 1224 564 1290 sufficiat:
592 1227 679 1309 18,1
701 1224 864 1306 peditatus
888 1225 1035 1311 grandis3
1061 1227 1151 1308 1112
1175 1247 1235 1310 pro
1260 1248 1335 1292 con-

180 1316 286 1398 tione,
314 1315 673 1398 31,4pr0spe0u1ari;
697 1315 793 1399 73,3
817 1314 956 1400 vestigio
981 1311 1039 1398 (=
1058 1314 1153 1398 pede)
1182 1337 1250 1380 non
1272 1316 1336 1380 dis-

182 1404 296 1469 cedere
311 1402 393 1486 (Liv.
408 1403 460 1486 27,
478 1405 510 1486 4,
531 1406 548 1468 1
569 1403 744 1490 vestigium
765 1399 965 1490 abscedere);
991 1403 1049 1487 79,
1073 1405 1091 1468 1
1116 1409 1215 1488 caput
1236 1406 1335 1490 ictus3

190 1494 244 1578 83,
263 1495 285 1558 2
310 1491 512 1577 1111111111,
535 1493 587 1577 93,
606 1495 626 1558 3
650 1493 753 1558 1111111
777 1497 918 1577 experta.

279 1582 369 1646 Haec
393 1582 502 1646 omnia
525 1583 655 1668 egregie
679 1582 792 1646 eadere
816 1585 851 1646 in
873 1581 1024 1647 Asinium
1047 1581 1216 1646 Polionem
1240 1605 1335 1648 nemo

182 1679 235 1736 est
266 1671 322 1755 qui
348 1693 416 1735 non
438 1671 559 1755 videat,
585 1694 645 1736 nec
672 1671 769 1736 facile
797 1693 991 1756 quemquam
1020 1691 1145 1754 eorum,
1178 1672 1233 1757 qui
1264 1676 1335 1737 tum

182 1761 363 1826 floruerunt
391 1764 575 1842 auctorum,
611 1761 780 1826 nominare
808 1762 930 1845 possis,
968 1759 1024 1843 qui
1056 1760 1087 1824 ei
1119 1783 1217 1844 quam
1250 1783 1336 1826 com-

181 1850 364 1935 posuimus,
393 1849 561 1932 scriptoris
593 1850 728 1935 imagini
763 1850 868 1934 magis
902 1849 1104 1933 respondeat.
1161 1848 1334 1915 Proximus

183 1961 262 2004 sane
286 1942 371 2004 esset
390 1937 424 2006 C.
444 1937 577 2022 Crispus
604 1937 789 2016 Sallustius,
811 1939 1062 2004 florentissimus
1086 1961 1195 2004 rerum
1219 1939 1336 2004 Roma·

181 2051 300 2093 narum
315 2028 463 2112 scriptor,
477 2032 510 2091 et
525 2051 669 2094 summus
685 2027 818 2094 Catonis
834 2029 1012 2093 admirator
1027 2032 1060 2092 et
1074 2028 1162 2093 bello
1178 2029 1334 2094 Africano

182 2118 349 2201 praetorio
369 2116 519 2182 Caesaris
538 2118 729 2202 adscriptus,
750 2118 805 2182 sad
825 2140 884 2202 pro
905 2117 1032 2182 diverso
1051 2117 1182 2202 linguae
1201 2118 1335 2204 ingenio

183 2229 245 2291 par
268 2206 374 2291 magis
398 2228 496 2290 quam
520 2207 645 2272 similis.
1247 2287 1249 2294 Υ

275 2294 322 2360 De
342 2295 375 2360 C.
394 2293 532 2360 Asinio
550 2297 719 2360 Polione
739 2295 871 2379 scripsit
890 2318 975 2361 anno
992 2296 1078 2361 1820
1091 2294 1123 2360 J.
1137 2296 1218 2361 Rud.
1235 2295 1336 2362 Thor-

181 2385 297 2467 becke,
331 2383 488 2470 Batavus,
519 2387 617 2452 nobis
649 2385 942 2450 familiarissimum
971 2407 1043 2449 eum
1072 2385 1172 2449 fuisse
1201 2385 1335 2452 Caesari

182 2472 264 2560 (Cic.
289 2474 382 2557 epist.
409 2474 465 2557 10,
484 2475 582 2558 31,3
606 2474 792 2559 Caesarem,
826 2475 911 2558 quod
943 2497 995 2538 me
1022 2474 1056 2537 in
1084 2479 1177 2538 tanta
1204 2476 1336 2539 fortuna

182 2564 282 2628 modo
322 2562 488 2648 cognitum
520 2565 818 2630 vetustissimorum
855 2564 1067 2628 familiarium
1104 2563 1175 2628 loco
1212 2564 1337 2646 habuit,

183 2652 285 2717 dilexi
312 2673 439 2726 summa
461 2675 535 2718 curn
558 2655 679 2738 pietate
703 2659 736 2716 11
758 2649 850 2738 fide),
873 2674 947 2717 cunr
970 2650 1110 2716 Curione
1133 2653 1167 2717 in
1191 2652 1337 2718 Africam

181 2741 352 2807 traiecisse
372 2746 404 2805 11
421 2743 507 2825 apud
527 2742 713 2829 Bagradam
734 2741 815 2826 fuga
835 2742 974 2806 salutem
991 2742 1155 2824 petivisse,
1173 2742 1205 2806 in
1226 2764 1337 2828 pugna

183 2831 375 2896 Pharsalica
398 2831 520 2916 legioni
544 2831 732 2916 praefuisse,
757 2837 834 2916 post
858 2837 890 2895 11
913 2833 947 2896 in
969 2830 1082 2896 Africa
1106 2828 1207 2918 (anno
1227 2829 1285 2918 46)
1304 2839 1337 2896 11

181 2921 218 2986 in
241 2919 403 3004 Hispania
434 2925 548 2987 contra
575 2921 792 3005 Pompeianos
820 2941 984 3006 pugnasse
1013 2925 1046 2984 et
1073 2919 1211 2986 Caesare
1239 2923 1337 2986 inter·

182 3011 272 3074 fecto
296 3008 491 3093 Hispaniam
514 3011 716 3094 provinciam
744 3011 849 3075 tribus
878 3011 1061 3096 legionibus
1090 3011 1269 3074 obtinuisse
1293 3048 1336 3057 -

181 3100 265 3164 haee
289 3093 398 3164 omnia
422 3099 504 3164 satis
527 3101 590 3164 erit
612 3101 757 3164 11111111
779 3099 814 3164 in
836 3101 1030 3164 memoriam
1052 3121 1236 3184 revocasse,
1258 3121 1336 3165 nam

183 3210 268 3272 quae
286 3192 402 3270 postea
420 3188 506 3274 fecit,
529 3189 570 3254 11
590 3188 744 3256 hocloco
764 3189 870 3253 aliena
889 3194 973 3253 sont.
1011 3186 1059 3252 Cf.
1078 3188 1164 3254 Plut.
1183 3187 1273 3254 Caes.
1293 3189 1336 3254 52

184 3278 224 3341 de
248 3277 432 3342 incursione
456 3278 596 3361 quadam
619 3276 834 3344 Numidarum
858 3277 1114 3360 ante‘proelium
1133 3276 1336 3361 Ruspinense

182 3367 286 3432 facta:
319 3368 349 3430 εἰ
376 3362 414 3430 db
446 3367 490 3450 μὴ
523 3370 654 3453 Καῖσαρ
687 3367 804 3450 αὐτὸς,
836 3367 902 3452 ἅμα
935 3362 972 3430 db
1000 3369 1145 3452 Καίσαρι
1178 3371 1337 3432 Πολλίων

182 3453 349 3531 Ἀσίννιος
367 3459 574 3539 βοηθυῦντες
597 3455 633 3522 ἐκ
651 3466 711 3521 τοῦ
725 3457 868 3542 χάρακος
892 3458 990 3540 ἔσχον
1007 3455 1069 3538 τὴν
1083 3455 1206 3540 φυγὴν,
1230 3455 1337 3521 διεπέ-

183 3541 298 3632 auaui
324 3542 366 3608 ἂν
390 3544 408 3610 ὁ
430 3547 583 3630 πόλεμος.
621 3545 724 3621 Quem
743 3545 828 3631 apud
848 3545 1020 3611 Caesarem
1039 3545 1073 3608 in
1092 3544 1205 3609 Africa
1228 3544 1336 3609 locum

184 3634 377 3717 obtinuerit,
408 3635 590 3699 accuratius
619 3635 751 3700 definire
779 3655 846 3698 non
874 3634 992 3718 ausim,
1021 3633 1084 3697 nisi
1109 3633 1208 3718 quod,
1240 3655 1336 3719 quem

182 3722 356 3808 Appianus
381 3724 467 3807 apud
481 3724 675 3790 Pharsalum
693 3727 878 3810 στρατηγόν
895 3723 997 3789 fuisse
1016 3723 1160 3807 scripsit,
1183 3723 1336 3790 inferiore

185 3814 263 3878 loeo
289 3812 389 3877 fuisse
411 3814 596 3898 negandum
620 3819 680 3880 est.
721 3810 769 3880 Cf.
794 3813 928 3899 append.
952 3836 983 3897 p.
1005 3812 1067 3878 148
1092 3816 1173 3877 extr.

275 3901 324 3965 Dc
348 3903 526 3987 tragoediis
546 3903 614 3968 cius
634 3926 732 3987 supra
751 3903 905 3986 diximus3
928 3902 1142 3967 historiarum
1160 3902 1262 3967 libros
1283 3903 1336 3966 vix

184 3991 324 4077 aggredi
355 3996 498 4076 poterat,
531 3996 705 4077 antequam
734 3992 818 4075 apud
846 3992 979 4058 Aetium
1010 3991 1207 4056 debellatum
1237 3995 1336 4073 esset,

185 4083 226 4146 de
250 4080 453 4156 orationibus
478 4083 511 4144 et
530 4081 646 4147 studiis
672 4081 894 4167 grammaticis
920 4102 1072 4165 quaerere
1096 4081 1158 4144 hoc
1181 4081 1252 4145 1111
1270 4102 1336 4144 nou

184 4170 312 4236 attinet.
358 4167 534 4236 Videamus
557 4172 666 4256 potius
686 4171 724 4234 de
744 4169 977 4235 commentario
1001 4168 1210 4233 1111111111.
1250 4167 1336 4234 Nam

183 4281 259 4325 cum
282 4258 412 4325 Hirtius
435 4263 581 4344 quamvis
604 4260 726 4324 invitus
755 4280 872 4322 munus
900 4258 935 4322 iu
958 4280 992 4322 se
1015 4257 1191 4341 recepisset
1218 4259 1337 4343 imper*

179 4349 286 4414 factos
310 4347 459 4414 Caesaris
482 4348 732 4414 commentarios
756 4348 917 4414 adfinem
940 4346 1135 4430 perducere,
1153 4346 1337 4413 faciendum

184 4439 311 4504 eierat
334 4438 422 4523 quod
445 4437 591 4523 Caesari,
615 4461 689 4504 eum
707 4460 772 4522 res,
801 4437 917 4521 quibus
945 4458 1012 4502 non
1033 4436 1103 4520 ipse
1126 4436 1338 4521 interfuisset,

242 4553 333 4593 Bellum
347 4552 462 4594 Africum.
1110 4561 1124 4597 0
