3292 5132
311 335 352 398 16
713 333 862 387 BELLUM
880 332 1050 387 Auulcuu.

308 497 343 560 in
372 495 517 561 Siciliam
550 495 591 560 ad
625 495 799 560 secundum
831 497 1046 562 commeatum
1080 495 1306 560 arcessendum
1340 496 1452 560 mittit.

273 586 442 651 alutarim
455 634 552 650 .....
564 606 637 649 cum
665 584 774 649 decem
801 585 938 650 navibus
967 584 1074 669 longis
1103 584 1144 648 ad
1171 586 1315 669 reliquas
1339 587 1453 665 [naves

309 673 488 756 onerarias]
523 673 771 758 conquirendas,
803 695 887 756 quae
919 673 1134 757 deerrassent,
1167 677 1200 738 et
1232 675 1330 738 simul
1364 697 1453 739 mare

273 764 465 829 uiuendum
498 763 539 827 ab
571 762 721 828 hostibus
754 763 845 826 iubet
877 762 1046 846 proficisci.
1097 762 1180 828 Item
1214 761 1249 828 O.
1273 762 1454 828 Salustium

309 852 461 938 Crispum
484 856 669 936 praetorem
697 852 736 916 ad
760 850 929 916 Cercinam
958 851 1099 916 insulam
1123 873 1246 936 versus,
1275 875 1373 936 quam
1396 852 1490 920 51-15

309 943 443 1009 versarii
475 941 645 1025 tenebant,
678 963 750 1004 cum
782 942 876 1023 parte
908 940 1040 1004 navium
1072 940 1119 1004 ire
1152 940 1255 1025 iubet,
1288 941 1374 1024 quod
1406 941 1455 1005 ibi

274 1049 465 1117 rmagnum
494 1051 664 1094 numerum
695 1029 849 1094 frumenti
879 1052 949 1094 esse
982 1029 1142 1095 audiebat.
1194 1029 1284 1094 Haec
1316 1030 1363 1094 ita
1394 1030 1454 1094 im·

308 1121 446 1204 perabat
473 1119 658 1203 unicuique,
685 1118 733 1182 ita
759 1118 992 1203 praecipiebat,
1020 1118 1069 1182 uti
1096 1118 1176 1181 ficri·
1193 1123 1327 1202 possent
1348 1141 1454 1204 neque

309 1213 416 1274 locum
449 1209 613 1273 excusatio
647 1207 774 1271 nullum
806 1207 942 1273 haberet
972 1229 1031 1272 nec
1063 1229 1188 1272 moram
1216 1208 1454 1290 tergiversatio.

274 1298 383 1383 alpse
417 1297 541 1362 interea
574 1319 612 1360 ex
646 1297 790 1380 perfugis
823 1301 856 1361 et
888 1296 1003 1360 incolis
1037 1295 1177 1382 coguitis
1209 1296 1452 1361 condicionibus
1475 1318 1510 1365 10

310 1386 481 1471 Scipionis,
505 1391 537 1450 et
556 1386 611 1470 qui
625 1409 696 1451 cnm
712 1408 750 1450 eo
764 1385 886 1450 bellum
902 1389 1016 1450 contra
1035 1407 1069 1449 se
1088 1386 1259 1472 gerebant,
1282 1385 1393 1450 mirari
1409 1423 1452 1431 —

399 1567 415 1615 2
443 1561 539 1616 decem
563 1561 591 1616 A
614 1562 664 1616 boc
687 1561 744 1616 loco
763 1567 788 1616 et
811 1566 890 1627 86,1
915 1561 925 1630 ΙΙ
951 1560 1072 1630 *[55155
1091 1559 1244 1628 onerarias]
1263 1561 1453 1632 inclusimus]

309 1641 324 1689 3
344 1631 524 1702 requirendas
543 1633 569 1686 L
591 1635 601 1700 ΙΙ
621 1637 638 1686 4
658 1632 813 1687 Salustium
832 1631 1007 1698 annm),-
1031 1631 1195 1686 Sallustium
1214 1632 1242 1686 R
1264 1633 1274 1700 ]
1295 1639 1311 1685 5
1330 1635 1454 1701 scripum

309 1707 336 1758 A
349 1707 359 1774 ΙΙ
373 1706 496 1759 cerinam
517 1704 622 1770 mu
641 1702 792 1758 celeriuam
811 1706 838 1757 A
852 1707 862 1774 l]
886 1711 900 1757 7
920 1703 1089 1757 frumentum
1111 1704 1160 1772 P]
1187 1708 1203 1756 8
1222 1704 1278 1774 uti]
1297 1705 1329 1756 ut
1348 1705 1371 1757 si
1389 1703 1454 1758 AD

309 1793 377 1830 corr.
406 1779 415 1846 ΙΙ
442 1777 557 1844 possent
574 1775 701 1829 Kraaer:
727 1792 810 1842 posse
826 1775 849 1828 O
867 1774 920 1844 (uti
938 1773 998 1828 fieri
1017 1790 1072 1828 nou
1089 1791 1172 1843 posse
1191 1774 1290 1844 Nipp.)
1322 1775 1331 1842 ΙΙ
1364 1791 1453 1842 neque

309 1849 339 1901 D
357 1864 442 1912 corr.;
469 1861 557 1900 necue
582 1845 605 1898 0
634 1847 643 1914 ΙΙ
675 1852 691 1899 9
715 1847 843 1900 *nullum
867 1846 960 1899 ALP
980 1851 1005 1900 ct
1026 1847 1164 1913 meliores,-
1189 1846 1279 1899 ullum
1302 1845 1333 1900 D
1357 1863 1425 1900 corr.
1444 1845 1455 1918 ΙΙ

311 1925 344 1972 10
363 1917 490 1987 profugis
509 1916 571 1970 LF
592 1919 602 1985 ΙΙ
625 1923 658 1969 11
678 1917 848 1988 segregabat
868 1918 896 1972 A
918 1920 928 1987 ΙΙ
950 1915 1068 1971 *mirari
1086 1917 1198 1972 Nocdle:
1217 1917 1342 1971 miserari
1363 1916 1386 1969 0

400 2103 413 2148 1
439 2097 587 2150 secundum
608 2095 793 2166 commatum]
821 2097 942 2165 reliquas
965 2099 1162 2150 veteranorum
1189 2095 1309 2150 maxime
1327 2092 1453 2164 legiones

309 2167 432 2222 noudum
452 2166 599 2234 collectas,
617 2183 681 2220 cum
701 2164 802 2221 Caesar
819 2184 906 2222 naves
925 2167 1056 2222 solveret.
1085 2173 1109 2234 2,
1129 2173 1155 2221 3.
1179 2173 1221 2234 34,
1241 2173 1266 2222 4.
1286 2167 1296 2235 ΙΙ
1319 2182 1454 2222 arcessen-

309 2240 388 2310 dum]
409 2238 451 2292 ef.
471 2238 507 2292 ad
527 2244 568 2306 12,
588 2243 612 2292 2.
641 2241 651 2307 ΙΙ
682 2245 698 2292 2
719 2238 849 2318 Interim]
874 2241 931 2292 Aut
954 2238 1058 2294 excidit
1080 2239 1130 2292 aut
1147 2237 1220 2292 latet
1238 2238 1268 2292 in
1285 2239 1348 2307 ipsa
1366 2237 1453 2307 parti·

310 2311 374 2365 cula
401 2308 579 2365 accusativus
604 2309 725 2364 nominis
751 2312 870 2379 proprii,
900 2327 964 2364 uam
991 2309 1173 2378 ‘uuicuique’
1202 2315 1216 2374 5
1239 2315 1257 2362 4
1281 2307 1387 2363 indicio
1410 2309 1455 2364 est

309 2384 421 2451 praeter
448 2380 592 2435 Rabirium
618 2383 647 2436 et
676 2379 829 2436 Salustium
857 2382 970 2435 tertium
995 2381 1135 2450 quandam
1159 2380 1332 2436 nominatum
1357 2377 1452 2434 fuisse.

311 2453 350 2508 Cf.
371 2450 535 2520 Froehlich,
553 2469 580 2520 p.
601 2458 643 2507 70.
668 2483 701 2490 -
726 2452 858 2522 reliquos]
882 2459 907 2517 2,
926 2457 951 2506 5.
976 2458 1045 2516 3,1.
1070 2458 1139 2520 5,1.
1165 2459 1190 2520 t,
1209 2459 1234 2506 3.
1271 2455 1331 2505 tam
1354 2452 1453 2520 longas

311 2541 395 2592 quarn
414 2525 564 2579 onerarias.
584 2555 619 2564 —
639 2530 654 2578 3
674 2523 853 2593 deerrasscat]
874 2530 921 2590 11,
941 2530 966 2576 4.
995 2523 1063 2580 Sall.
1082 2523 1150 2578 hist.
1168 2528 1197 2592 3,
1217 2527 1251 2577 56
1267 2522 1300 2576 D.
1328 2522 1358 2578 in
1376 2521 1454 2578 navi·

310 2595 403 2665 gando
419 2596 517 2650 cohors
532 2613 550 2650 a
564 2595 665 2649 ceteris
681 2593 829 2650 deerravit.
858 2594 955 2650 Livius
969 2602 1011 2663 37,
1027 2599 1070 2662 13,
1087 2602 1100 2647 1
1121 2593 1277 2649 aberrantis
1291 2612 1325 2648 ex
1343 2593 1455 2662 agmine

309 2667 398 2721 navis.
432 2666 548 2721 Plautus
568 2665 714 2735 utriusque
732 2666 843 2734 generis
862 2667 1019 2735 composita
1033 2665 1190 2735 promiscue
1206 2665 1344 2732 adhibuit,
1363 2665 1454 2719 volut:

311 2740 451 2792 deterrere
471 2738 505 2790 do
524 2753 592 2806 agro
612 2739 641 2790 et
659 2735 813 2792 absterrere
833 2737 868 2791 da
890 2736 1041 2792 frumento.
1071 2770 1104 2780 -
1133 2755 1208 2792 ruore
1226 2737 1259 2808 1.]
1278 2738 1313 2789 ad
1333 2755 1369 2790 m.
1384 2738 1404 2790 t.
1420 2767 1454 2776 —-

311 2815 328 2860 4
346 2808 512 2878 Salustium]
528 2808 713 2862 clarissimum
728 2825 820 2862 rerum
835 2811 1026 2863 Romanarum
1041 2810 1203 2877 scriptorem
1219 2807 1345 2862 Caesaris
1360 2809 1455 2878 partes

310 2882 443 2934 secutum.
467 2909 502 2917 -
531 2883 547 2931 5
571 2881 608 2933 od
634 2877 777 2934 Cercinam
794 2881 898 2950 cuam]
923 2879 1031 2935 Plinius
1053 2899 1080 2935 n.
1100 2884 1127 2936 h.
1148 2886 1176 2948 5,
1195 2884 1228 2933 41
1257 2878 1285 2933 G.
1305 2896 1368 2932 cum
1386 2880 1455 2934 urbe

311 2949 436 3003 eiusdem
455 2949 575 3003 nominis
594 2949 698 3004 libera:
722 2950 807 3004 hodie
826 2949 972 3006 Chercara.
1010 2951 1147 3006 Similiter
1164 2952 1238 3005 infra
1256 2957 1304 3018 23,
1323 2958 1339 3004 3
1359 2949 1396 3003 ad
1413 2950 1456 3004 in·

311 3021 385 3076 sulas
404 3021 535 3075 Baleares
559 3037 667 3087 versum
692 3026 735 3089 37,
755 3027 779 3076 2.
804 3028 846 3090 62,
866 3029 890 3077 2.
914 3028 957 3091 80,
977 3029 1001 3078 3.
1030 3024 1056 3078 b.
1075 3023 1155 3092 Hisp.
1176 3029 1222 3090 18,
1241 3027 1257 3075 5
1282 3027 1311 3076 51
1334 3022 1374 3074 sic
1398 3022 1454 3074 iam

311 3093 414 3147 Caesar
432 3108 488 3146 uuo
507 3092 569 3147 loco
589 3100 619 3157 6,
639 3098 673 3146 33
698 3094 734 3147 ad
754 3094 893 3148 Oceanum
913 3111 1022 3163 versus,
1046 3095 1115 3148 item
1135 3095 1224 3149 Varro
1244 3111 1276 3148 ac
1296 3091 1455 3160 Sallustius,

310 3180 449 3232 nusquam
473 3163 577 3220 Cicero.
615 3163 655 3220 Gi.
675 3162 792 3231 thler‚
817 3166 890 3220 Acta
908 3164 1021 3234 Erlang.
1041 3166 1053 3217 Ι
1072 3171 1132 3220 441.
1158 3196 1191 3206 —
1221 3170 1385 3234 imapuum
1403 3182 1455 3218 aa·

310 3253 412 3290 merum
430 3235 576 3304 frameati]
596 3237 708 3304 proprie
727 3236 831 3290 dicitur
850 3238 884 3290 de
903 3253 1033 3291 mensura
1051 3236 1153 3290 modiis
1172 3240 1249 3302 acta,
1269 3242 1312 3302 21,
1329 3243 1352 3292 l.
1372 3241 1415 3304 85,
1429 3240 1455 3288 2.

311 3313 353 3374 27,
373 3313 399 3362 4.
424 3308 450 3360 b.
470 3305 543 3361 Gall.
562 3313 587 3373 8,
607 3312 650 3374 34,
671 3312 700 3372 3;
726 3307 877 3376 opponitur
894 3307 1035 3382 frumentiv
1049 3307 1104 3377 vis,
1122 3307 1141 3363 i.
1162 3325 1184 3362 e.
1204 3308 1348 3362 immensa.
1386 3303 1455 3361 Sall.

310 3378 370 3447 lug.
391 3383 433 3446 92,
454 3384 478 3432 7.
509 3409 541 3418 -
569 3379 968 3450 imperabatproecipiebot]
991 3379 1180 3449 Imperantur,
1209 3394 1282 3448 quae
1305 3377 1403 3446 utique
1426 3381 1457 3432 et

311 3450 408 3504 atatim
427 3449 558 3504 iacienda
576 3452 653 3516 sunt,
677 3449 888 3520 praecipiuntur
915 3467 949 3504 ea
967 3467 1085 3524 quorum
1103 3450 1219 3505 effectus
1239 3466 1272 3503 ex
1290 3448 1355 3503 aliis
1373 3450 1456 3504 rebus

310 3522 402 3576 adhuc
421 3520 537 3576 incertis
556 3520 661 3588 pendet
679 3520 1049 3590 (Verbaltuugsmalsrcgeln
1068 3523 1204 3590 erteilen).
1242 3521 1282 3574 Cf.
1297 3527 1322 3588 2,
1345 3527 1370 3574 3.
1389 3527 1415 3589 3,
1428 3524 1455 3575 4.

312 3598 354 3663 13,
372 3599 397 3646 2.
418 3624 450 3631 -
470 3597 487 3646 8
504 3593 577 3662 [teri]
599 3617 632 3636 ==
651 3591 760 3661 perfici,
779 3592 804 3646 si
823 3609 891 3647 sana
909 3597 953 3648 est
970 3592 1098 3649 codicum
1117 3592 1264 3662 scriptura.
1284 3623 1316 3634 -
1335 3609 1451 3662 aeque..

310 3665 430 3735 nullum]
451 3664 555 3732 duplex
574 3663 701 3731 negatio,
726 3680 798 3731 quac
822 3664 977 3719 editoribus
1001 3665 1130 3720 omnibus
1152 3663 1307 3733 displicuit,
1330 3665 1385 3718 etsi
1405 3663 1454 3716 ab·

310 3735 406 3788 horret
424 3752 442 3788 a
460 3734 592 3788 facundia
610 3732 741 3788 Tulliana
764 3738 794 3788 51
812 3734 937 3790 Caesaris
956 3735 1111 3805 elegantia,
1135 3738 1205 3790 adeo
1224 3738 1318 3788 tamen
1338 3734 1373 3790 ab
1391 3735 1456 3790 aliis

310 3804 387 3858 illius
406 3805 540 3874 temporis
564 3803 747 3874 scriptoribus
770 3822 827 3859 uon
846 3809 889 3860 est
907 3808 1015 3876 spreta,
1038 3810 1070 3861 ut
1093 3823 1155 3861 eam
1177 3807 1275 3861 Asinio
1294 3805 1457 3861 abiudicare

310 3892 366 3930 nou
385 3875 484 3930 ausim.
522 3875 562 3930 cf.
588 3876 725 3930 Lentulus
748 3893 793 3945 ap.
813 3876 881 3933 Sall.
906 3878 965 3934 cat.
985 3884 1033 3947 35,
1053 3885 1069 3932 3
1092 3895 1148 3934 555
1172 3879 1239 3946 quin
1262 3894 1310 3934 aes
1333 3877 1458 3932 alionum

310 3947 381 4003 meis
399 3945 560 4002 nominibus
581 3963 616 4000 ex
635 3947 857 4016 possessionibus
876 3950 985 4004 solvere
1003 3967 1059 4004 non
1078 3965 1203 4018 possem,
1227 3966 1311 4018 quam
1335 3948 1457 4017 optimo-

310 4037 372 4074 rum
396 4017 524 4074 codicum
547 4019 696 4074 lectionem
722 4018 849 4074 defendit
871 4020 904 4075 H.
929 4020 1063 4087 Schnorr,
1090 4023 1188 4076 Redan
1213 4021 1272 4074 und
1294 4021 1387 4074 Briafe
1409 4019 1459 4074 bei

312 4091 424 4159 Sallust,
447 4096 523 4146 1888.
542 4108 570 4160 p.
591 4097 634 4145 28.
671 4089 768 4144 Livius
787 4097 918 4160 43,13,1
938 4109 996 4147 non
1015 4109 1076 4146 sum
1094 4094 1204 4147 nescius
1223 4106 1314 4161 neque
1333 4091 1458 4146 nuntiari

311 4162 389 4216 nulla
406 4161 538 4232 prodigia
555 4178 647 4229 neque
666 4163 696 4216 iu
715 4163 830 4247 annales
850 4163 954 4219 referri.
984 4170 1031 4231 32,
1051 4169 1099 4246 23,
1120 4169 1161 4245 18.
1183 4195 1215 4204 -
1241 4170 1258 4218 3
1277 4165 1454 4244 mouentia..

310 4234 1458 4376 31381313535131133111.33113311113131

311 4373 378 4430 Sall.
398 4375 457 4444 Iug.
478 4381 552 4443 64,2
572 4378 667 4444 itaque
686 4377 784 4432 mirari
802 4377 862 4432 eins
882 4378 1030 4432 consilium
1050 4379 1079 4431 et
1098 4395 1210 4433 monere
1230 4381 1283 4432 etc.
1312 4376 1459 4433 CicVerr.

311 4450 336 4512 4,
352 4451 386 4498 34
405 4447 500 4500 mirari
519 4449 670 4502 stultitiam
689 4447 746 4502 alii.
