3292 5132
295 355 371 409 XXX
761 351 977 408 PRAEFATIO.

302 519 391 595 Quae
415 540 487 583 cum
511 517 557 581 ita
581 516 656 600 sint,
679 539 718 580 ex
737 520 809 581 toto
828 516 912 581 libro
932 517 1094 600 poeticum
1113 519 1273 601 quendam
1293 519 1444 603 colorem,

301 608 429 690 qualem
460 629 499 670 ex
528 606 621 670 nullo
655 606 719 671 alio
748 606 997 686 commentario,
1027 607 1151 670 elucere
1179 607 1325 672 videmur
1348 609 1445 673 nobis

299 694 580 761 demonstravisse.
1097 713 1100 720 ·

383 785 499 849 Restat
523 783 658 867 denique
682 783 815 848 tertium
834 783 1003 868 quoddam,
1027 785 1113 868 quod
1132 789 1255 850 veteres
1275 787 1309 850 in
1325 784 1441 851 Asinio

298 873 594 959 reprehendendum
620 893 690 937 esse
719 872 998 955 existimaverunt3
1026 872 1073 937 sic
1096 873 1180 937 enim
1205 873 1326 940 Seneca
1348 876 1443 959 epist.

299 965 372 1046 100,
388 965 421 1027 l:
442 961 612 1026 ‘Pollionis
627 961 735 1025 Asinii
750 957 972 1047 (compositio)
987 962 1189 1027 salebrosa
1205 967 1238 1027 et
1252 964 1441 1028 exsiliens

297 1059 330 1116 et
363 1052 420 1117 ubi
453 1050 586 1115 minime
615 1053 779 1134 exspectes
809 1048 982 1114 relictura?
1028 1049 1118 1125 Quae
1145 1074 1218 1116 cum
1247 1053 1285 1118 de
1314 1075 1442 1139 compo-

298 1141 416 1206 sitione
440 1139 646 1224 potissimum
671 1140 843 1203 verborum
866 1141 898 1202 et
921 1139 1132 1204 collocatione
1156 1141 1242 1206 dicta
1270 1141 1349 1226 sint,
1377 1164 1441 1226 qua

297 1233 331 1294 in
354 1229 557 1294 orationibus
577 1249 653 1292 usus
673 1231 723 1292 est
743 1227 875 1292 Asinius
896 1264 932 1276 -
949 1250 1026 1292 nam
1046 1229 1221 1312 opponitur
1235 1228 1382 1296 Ciceroni
1396 1269 1439 1278 -—

296 1320 336 1384 ad
366 1323 496 1383 tenuem
525 1317 749 1381 commentarii
778 1339 958 1382 sermonem
985 1319 1040 1381 xix
1067 1317 1145 1382 licet
1167 1319 1300 1403 referre,
1327 1341 1440 1403 quam-

297 1430 393 1491 quam
420 1407 577 1471 nonnulla
604 1407 716 1470 insunt
742 1410 872 1490 praeter
895 1427 1017 1470 morem
1042 1408 1178 1491 scripta,
1201 1411 1238 1472 ut
1258 1408 1311 1492 35,
1329 1412 1352 1472 4
1373 1430 1438 1492 quo

294 1497 328 1562 id
342 1497 411 1561 sine
426 1496 568 1580 periculo
583 1496 690 1559 minus
704 1494 892 1576 faceremus,
908 1494 1178 1580 impediebamur3
1197 1497 1249 1582 85,
1263 1498 1439 1582 3spatium

297 1608 330 1650 se
351 1583 407 1670 (=
428 1583 492 1671 sui)
516 1607 582 1648 non
606 1585 681 1648 dare
704 1584 891 1669 colligendi3
917 1583 952 1647 in
976 1584 1129 1648 clausulis
1154 1589 1295 1650 sectatus
1319 1591 1370 1652 est
1393 1586 1440 1650 di-

297 1675 468 1739 trochaeus
502 1669 557 1760 (cf.
581 1673 621 1737 ad
649 1676 679 1755 l,
701 1675 723 1737 4
746 1669 959 1758 confidebat);
991 1673 1024 1736 in
1056 1672 1170 1738 formis
1203 1675 1326 1759 passivi
1358 1697 1442 1741 com-

297 1765 415 1848 positis
439 1762 555 1827 maluit
578 1763 728 1846 copulam
751 1784 949 1846 praeponere
973 1762 1167 1847 participiis,
1194 1786 1258 1848 qua
1281 1765 1320 1828 de
1342 1786 1377 1828 re
1401 1764 1441 1828 cf.

296 1853 338 1917 ad
356 1854 409 1937 22,
427 1854 457 1917 4.
485 1853 539 1934 28,
556 1852 588 1915 4.
623 1849 737 1936 Neque
759 1855 871 1916 tamen
889 1851 1004 1936 negari
1021 1854 1133 1936 potest
1154 1873 1200 1938 ea,
1219 1875 1302 1937 quae
1320 1851 1441 1918 Seneca

295 1942 386 2026 dixit,
405 1941 505 2006 etiam
524 1940 695 2005 transferri
713 1941 753 2004 ad
773 1939 935 2024 syntaxin,
959 1962 1055 2024 quam
1076 1939 1181 2006 dicere
1200 1942 1441 2026 consuevimus3

293 2054 369 2096 nam
404 2030 459 2114 qui
490 2051 642 2094 numeros
677 2029 834 2094 orationis
863 2032 895 2092 et
923 2029 1190 2114 aequabilitatem
1221 2032 1441 2096 membrorum

292 2143 407 2205 parum
436 2122 541 2201 curat,
568 2139 672 2202 neque
699 2118 889 2183 concinnam
918 2117 1043 2202 protasi
1073 2119 1231 2202 epodosin
1257 2120 1441 2206 subiunget.

294 2208 388 2274 Certe
408 2231 427 2272 a
444 2208 549 2292 polita
563 2205 729 2272 Ciceronis
750 2207 896 2272 oratione
914 2207 1011 2292 longe
1027 2206 1120 2291 aluit,
1139 2209 1224 2292 quod
1238 2231 1304 2274 non
1320 2210 1439 2274 mirum

293 2299 328 2362 in
351 2298 450 2382 prisci
470 2296 594 2361 dicendi
614 2297 742 2381 generis
761 2299 931 2381 sectatore,
950 2296 1098 2380 quodque
1118 2295 1338 2371 Quintilianus
1356 2298 1437 2362 iudi·

295 2387 379 2452 cavit
408 2409 480 2451 eum
499 2409 519 2450 a
538 2384 666 2450 ‘nitore'
695 2384 860 2450 Ciceronis
888 2385 985 2470 longe
1014 2384 1140 2468 abesse,
1172 2408 1239 2450 non
1266 2387 1372 2450 solum
1401 2387 1441 2452 de

293 2477 466 2541 verborum
490 2475 629 2556 delectu,
661 2475 717 2539 sed
741 2474 840 2540 etiam
864 2473 902 2538 de
926 2475 1165 2540 constructione
1189 2476 1360 2540 verborum
1384 2497 1434 2540 ac-

294 2589 376 2719 tlt
377 2566 476 2720 tt?
477 2563 642 2718 1ζὲἓῇῗὲ
663 2563 1438 2737 tulatelt“attestabatur

293 2743 397 2808 fusius
427 2742 609 2827 expositum
639 2747 688 2806 est
715 2743 750 2805 in
781 2741 877 2806 Arch.
896 2741 986 2806 lexic.
1011 2742 1066 2806 lat.
1090 2739 1138 2805 VI
1157 2742 1271 2828 97sq.;
1299 2743 1440 2808 fortasse

295 2833 395 2897 etiam
415 2834 444 2896 b.
465 2830 534 2895 Afr.
558 2831 606 2913 18,
625 2832 645 2894 2
665 2828 793 2916 (hostes
818 2831 884 2894 suis
909 2853 947 2894 ex
966 2833 1090 2896 terrore
1109 2830 1261 2915 firmatis)
1280 2854 1346 2896 non
1365 2854 1437 2897 con·

296 2921 421 2985 iectura
444 2919 560 2984 Asinio
584 2920 832 2984 succurrendum
857 2924 935 3002 erat,
959 2919 1015 2983 sed
1038 2919 1185 2984 codicum
1209 2921 1370 3005 scriptura
1388 2944 1437 2986 re-

297 3010 430 3074 tinenda
459 3008 533 3073 coll.
552 3006 643 3073 Caes.
663 3009 700 3091 4,
718 3009 770 3092 26,
788 3009 823 3075 5:
850 3008 956 3073 nostri
982 3008 1049 3073 suis
1078 3008 1228 3073 omnibus
1257 3012 1438 3076 consecutis

295 3099 330 3163 in
352 3098 464 3164 hostes
495 3097 655 3180 impetum
682 3097 836 3164 fecerunt.
882 3095 945 3161 Sed
974 3097 1059 3181 quod
1084 3097 1170 3181 apud
1193 3096 1365 3164 Caesarem
1388 3123 1438 3164 ra-

294 3211 375 3271 rum,
399 3187 485 3271 apud
505 3186 653 3252 Asinium
672 3187 769 3251 tertio
794 3209 920 3272 quoque
940 3186 1044 3271 capite
1069 3187 1195 3271 legitur,
1219 3189 1440 3273 exemplisque

294 3277 330 3340 in
357 3275 621 3341 adnotationibus
651 3276 690 3340 ad
716 3277 810 3357 10,3
835 3282 866 3340 et
893 3275 985 3359 15,3
1010 3276 1173 3362 congestis
1202 3276 1277 3341 addi
1302 3282 1442 3362 possunt

295 3367 347 3442 32,
366 3367 388 3429 4
408 3365 519 3429 electis
543 3365 730 3429 hominibus
749 3364 992 3430 inlustrioribus
1011 3415 1018 3428 .
1038 3414 1045 3428 .
1064 3364 1253 3430 cohortatus
1273 3417 1280 3430 .
1299 3416 1306 3429 .
1326 3367 1438 3452 mittit,

294 3461 325 3518 et
344 3455 432 3537 90,2
451 3453 569 3539 quibus
593 3458 682 3518 metu
702 3454 919 3539 exsanguibus
939 3453 977 3517 de
996 3453 1128 3537 vitaque
1147 3455 1440 3539 desperantibus..

294 3543 401 3627 cupidi
428 3543 648 3609 condicionem
676 3549 883 3629 acceperunt3
906 3543 962 3623 40,
981 3543 1011 3606 2.
1058 3540 1180 3607 Similis
1207 3544 1436 3629 neglegentiae

294 3632 356 3695 duo
377 3631 554 3717 specimina
572 3632 606 3696 in
624 3633 736 3717 paucis
750 3631 857 3696 Asinii
879 3631 1068 3715 fragmentis
1088 3636 1217 3698 servata
1234 3637 1318 3718 sunt,
1337 3657 1437 3699 unum

294 3721 328 3784 in
353 3720 417 3786 Cic.
441 3721 534 3805 epist.
556 3722 611 3804 10,
630 3722 727 3805 31,4
754 3721 869 3806 quibus
898 3720 1132 3786 commeatibus
1160 3721 1264 3786 invito
1293 3723 1350 3788 illo
1379 3745 1438 3808 per

292 3810 379 3874 illius
412 3810 613 3894 provinciam
644 3809 789 3895 legiones
822 3810 983 3889 ducerem3
1017 3810 1155 3875 alterum
1187 3811 1273 3894 apud
1304 3812 1436 3888 Quintil.

294 3898 325 3981 9,
344 3899 374 3980 2,
393 3899 450 3963 24:
477 3921 654 3984 numquam
682 3899 752 3962 fore
776 3899 909 3984 credidi,
936 3903 974 3963 ut
996 3921 1052 3964 reo
1076 3897 1211 3983 Scauro,
1238 3922 1279 3964 ne
1304 3901 1381 3984 quid
1403 3901 1440 3965 in-

293 3989 359 4053 cius
381 3987 500 4052 iudicio
525 3988 632 4072 gratia
655 3989 788 4071 valeret,
811 4010 967 4072 precarer.

381 4077 419 4141 In
448 4077 613 4142 adiectivis
642 4077 767 4142 duobus
796 4079 915 4142 diversi
943 4077 1071 4160 generis
1102 4078 1314 4143 substantivis
1340 4102 1437 4163 appo-

293 4165 364 4230 sitis
394 4188 432 4230 ea
460 4167 593 4232 licentia
621 4167 845 4231 commentarii
872 4172 986 4232 auctor
1015 4189 1093 4230 usus
1121 4171 1184 4249 est,
1212 4171 1248 4230 ut
1274 4168 1309 4231 in
1334 4169 1436 4233 altero

293 4255 442 4328 membro¹
455 4277 556 4340 genus
568 4255 756 4321 femininum
774 4279 812 4321 ex
825 4256 1002 4322 masculino
1017 4255 1208 4320 eliciendum
1222 4277 1292 4320 esse
1306 4261 1438 4340 putaret

293 4345 326 4407 et
348 4343 477 4408 inuersa
499 4346 625 4410 ratione
649 4344 703 4432 (cf.
723 4345 763 4410 ad
782 4346 812 4429 5,
838 4342 882 4432 1),
904 4367 1007 4430 neque
1031 4344 1127 4409 aliter
1151 4345 1281 4430 scripsit
1303 4344 1436 4411 Asinius

292 4432 378 4516 apud
401 4431 467 4498 Cic.
484 4433 578 4518 epist.
600 4435 650 4518 10,
669 4436 761 4520 32,4
783 4436 885 4500 ullam
908 4435 1005 4499 finem
1030 4437 1087 4499 aut
1116 4435 1261 4518 modum3
1290 4435 1376 4520 quod
1399 4439 1436 4500 ut
1468 4495 1470 4503 ,
