3260 5140
584 349 698 404 INDEX
716 350 926 408 VERBORUM.
1262 355 1328 420 245

173 517 221 579 44,
243 517 268 566 1.
288 515 313 564 2.
354 510 385 563 in
411 526 467 578 quo
491 509 595 580 oppido
617 511 788 580 praesidium
813 512 868 566 fuit
891 512 1000 581 regium
1024 519 1111 581 23,1;
1136 521 1179 584 68,
1193 522 1218 570 4.
1244 521 1325 584 76,1.

171 600 241 636 6661
262 582 297 635 de
317 598 366 636 suo
386 581 512 636 adventu
525 580 664 637 dubitatio
683 582 713 636 in
726 583 871 651 provincie
886 587 959 638 esset
977 591 1020 652 26,
1037 592 1060 640 1.
1098 586 1189 655 66116
1203 587 1325 642 66661666

169 653 289 708 fuerent
343 659 395 720 ,23
416 657 458 719 78,
474 659 499 707 3.
518 658 561 720 29,
578 658 601 708 1.
621 659 665 721 46,
680 660 704 710 4.
743 655 784 724 [16
801 671 857 723 666
872 655 954 709 docui
968 671 1028 710 esse
1042 657 1213 726 praesidium
1228 657 1326 713 statio·

168 739 295 792 nemque
343 723 513 794 umidarum]
537 729 625 792 38,2.
662 726 710 794 661
734 727 800 779 6666
822 725 851 779 16
875 726 986 795 legione
1010 727 1071 782 lIlI.
1095 733 1139 795 36,
1154 734 1179 784 4.
1215 728 1245 783 16
1269 747 1324 797 666

169 813 291 850 6661666
317 795 372 849 1616
390 795 500 849 Τ611166
524 800 567 864 86,
582 803 607 851 7.
644 797 705 865 1666
728 797 757 850 16
781 798 863 852 tanta
885 798 948 852 erat
969 798 1151 854 festinatione
1175 806 1218 868 26,
1233 807 1257 856 4.
1295 800 1324 855 in

168 865 355 922 Uticensibus
374 883 475 936 parum
495 865 551 921 suis
570 867 697 937 partibus
717 867 850 937 praesidii
873 884 934 922 esse
959 876 1004 938 87,
1019 877 1043 924 3.
1081 888 1144 925 eum
1168 871 1275 927 civibus
1293 871 1324 926 16

169 936 511 1010 [666616]66161ο66661ι
536 954 596 992 esse
619 939 773 994 incolumes
792 946 818 1007 8,
833 945 857 995 5.
896 945 957 994 erat
980 941 1115 1010 oppidum
1138 942 1211 996 16166
1230 946 1324 997 eastra

169 1009 314 1078 Scipionis
342 1014 389 1076 78,
410 1017 435 1064 1.
471 1010 545 1078 pais.
570 1010 624 1063 MD
650 1010 724 1066 iuter
748 1011 872 1066 hostium
899 1011 989 1068 aciem
1013 1028 1132 1080 suasque
1155 1013 1322 1070 munitiones

167 1097 232 1136 esse
251 1087 294 1148 39,
310 1086 335 1134 2.
372 1079 422 1149 661
445 1083 505 1135 6616
530 1081 629 1150 61666
653 1083 800 1150 quaestore
823 1083 917 1136 fuerat
940 1088 983 1152 88,
999 1089 1023 1138 3,
1066 1087 1113 1152 qui
1139 1085 1189 1138 sub
1213 1083 1323 1140 dicione

168 1196 173 1206 .
192 1197 198 1207 .
217 1194 224 1206 .
244 1169 303 1206 esse
323 1153 502 1206 consuessent
522 1159 603 1220 77,1.
640 1155 716 1208 ultra
734 1171 796 1208 eam
816 1152 972 1208 convallem
987 1154 1122 1209 olivetum
1138 1158 1222 1224 (6666)
1239 1162 1281 1225 60,
1299 1164 1321 1211 1.

262 1237 358 1279 sumo.
396 1238 430 1277 66
448 1223 517 1277 61616
537 1223 765 1279 conmilitonibus
785 1266 791 1279 .
808 1265 835 1280 ..
855 1241 912 1278 non
930 1225 1050 1295 amplius
1069 1225 1095 1280 X
1114 1243 1226 1295 sumam,
1243 1232 1286 1295 45,
1297 1236 1321 1284 6.

263 1295 422 1364 superbus.
460 1293 606 1364 superbius
625 1296 711 1350 Iubae
735 1295 841 1350 1666616
867 1303 909 1366 67,
925 1304 949 1352 4.
986 1296 1321 1369 166661166116166666-

164 1365 288 1421 bissimo
307 1364 533 1435 inertissimoque
552 1373 595 1434 67,
611 1373 635 1421 6.

261 1436 471 1506 666666111616.
509 1455 530 1492 ι.
551 1437 693 1507 quoddam
711 1438 852 1494 excelsum
870 1438 947 1493 necti
965 1444 1007 1505 68,
1025 1446 1048 1493 1.

261 1509 413 1578 superior.
451 1527 483 1564 ex
503 1509 645 1578 superiore
663 1510 726 1565 loeo
745 1516 788 1573 40,
803 1517 827 1566 3.
866 1528 914 1578 666
934 1510 1078 1579 superiora
1099 1512 1163 1566 1666
1183 1518 1226 1580 79,
1241 1519 1264 1567 2.
1286 1545 1320 1554 -

163 1580 361 1651 superioribus
381 1579 460 1633 annis
480 1587 522 1649 97,
538 1587 563 1637 3.
592 1599 626 1635 66
644 1581 834 1652 superioribus
849 1580 949 1636 eastris
969 1588 1051 1650 66,1.
1080 1583 1187 1652 6666116
1202 1602 1222 1638 s.
1239 1591 1318 1653 81,1.

162 1672 186 1708 s.
208 1657 338 1720 tempore
357 1656 400 1720 48,
416 1657 440 1707 3.
464 1657 506 1720 87,
522 1658 547 1707 8.
572 1657 615 1721 88,
630 1660 655 1707 3.
692 1669 769 1707 more
793 1654 968 1722 superiorum
991 1657 1151 1723 temporum
1174 1661 1218 1723 47,
1234 1661 1259 1712 2.
1298 1675 1318 1711 s.

163 1723 346 1793 temporibus
365 1728 390 1790 3,
401 1728 425 1776 4.
460 1737 603 1780 summus.
637 1741 687 1794 per
704 1725 801 1794 iugum
821 1744 841 1779 s.
861 1729 945 1793 49,1.
966 1730 1008 1792 76,
1024 1732 1048 1780 6.
1065 1757 1096 1766 -
1113 1743 1223 1780 summa
1237 1727 1318 1782 collis

162 1802 212 1864 60,
229 1803 253 1850 8.
274 1825 308 1834 -
327 1794 493 1848 beneficium
512 1801 556 1862 46,
571 1801 596 1850 2.
634 1797 755 1851 dedecus
774 1802 817 1865 79,
831 1803 856 1851 2.
894 1796 984 1851 scelus
1003 1802 1047 1864 46,
1062 1803 1087 1852 2.
1124 1797 1166 1851 vis
1187 1805 1230 1867 67,
1246 1804 1269 1851 1.

258 1879 381 1935 supero.
418 1866 471 1935 (ut)
497 1866 676 1921 vincerentur
701 1870 787 1937 66666
813 1885 832 1922 a
856 1867 914 1922 6616
940 1870 1139 1936 superarentur
1165 1875 1211 1936 19,
1231 1874 1255 1924 3.
1294 1869 1319 1924 61

162 1941 239 1992 forte
259 1937 334 1992 bello
353 1937 428 1992 16666
446 1939 595 2007 superatus
614 1945 696 2007 91,2.
713 1939 985 2008 -promunturium
1005 1957 1025 1994 6.
1044 1955 1100 1994 666
1119 1941 1214 2009 666616
1232 1947 1275 2008 62,
1286 1947 1317 2007 3;

160 2017 206 2078 66,
223 2018 248 2066 4.
262 2015 287 2063 6.

257 2079 450 2149 supersedeo.
488 2097 600 2149 pugnae
620 2087 662 2149 76,
677 2087 701 2136 2.

253 2151 422 2220 suppetiae.
452 2149 522 2222 [suis
537 2150 723 2223 fugientibus]
734 2151 879 2221 suppetias
893 2152 934 2207 ire
950 2159 993 2222 89,
1004 2159 1029 2208 4.
1045 2159 1087 2221 41,
1099 2160 1114 2208 2
1129 2155 1177 2224 (66.
1190 2154 1316 2224 oppido).

160 2241 211 2280 eos
288 2223 401 2294 [turmis
420 2223 545 2294 suorum]
567 2224 711 2292 suppetias
729 2223 819 2278 mittit
839 2230 881 2292 76,
896 2230 920 2278 4.
949 2224 1125 2293 fugientibus
1140 2225 1198 2280 6616
1215 2243 1316 2295 66666-

160 2299 220 2350 tias
239 2293 361 2350 occurrit
379 2300 422 2363 66,
437 2300 462 2350 2.
494 2295 538 2348 1116
557 2295 715 2364 legionibus
734 2311 881 2350 occurrere
900 2295 1045 2364 suppetias
1066 2302 1107 2363 68,
1123 2303 1147 2351 3.
1182 2297 1240 2351 suis
1254 2297 1316 2350 fini-

159 2368 215 2422 bus
243 2364 411 2436 oppidisque
439 2365 583 2435 suppetias
610 2366 754 2436 profectus
783 2369 827 2422 est
854 2371 904 2434 26,
920 2371 944 2421 6.
988 2367 1118 2421 auxilia.
1140 2407 1146 2422 .
1166 2369 1316 2437 oppidanis

160 2436 308 2508 suppetias
328 2436 424 2492 venire
443 2443 467 2492 6.

253 2509 392 2578 suppeto.
430 2509 531 2577 quibus
552 2509 658 2580 [rebus]
673 2526 827 2578 numquam
841 2509 922 2564 66666
942 2509 1104 2578 suppeteret
1119 2551 1124 2564 .
1138 2551 1143 2563 .
1157 2551 1162 2563 .
1177 2507 1315 2564 victoriae

159 2581 268 2636 fiducia
286 2587 329 2648 31,
345 2585 369 2634 6.
408 2580 500 2648 quoad
519 2579 579 2634 vita
597 2583 760 2650 suppeteret
781 2585 824 2650 92,
841 2586 864 2635 1.
879 2611 913 2621 -
928 2579 1097 2634 frumentum
1118 2583 1146 2636 et
1164 2597 1314 2648 quaecum-

160 2670 219 2722 que
239 2652 308 2723 [res]
329 2651 370 2706 eis
389 2653 573 2720 suppeterent
592 2658 673 2718 33,1.

254 2723 393 2792 supplex.
431 2724 533 2790 quibus
552 2722 726 2793 supplicibus
744 2723 828 2778 venia
847 2723 914 2778 data
933 2729 975 2791 92,
990 2728 1016 2777 4.

252 2794 446 2864 supplicium.
485 2794 612 2863 (incolas)
632 2794 814 2848 acerbissimo
834 2794 961 2848 afficiunt
980 2794 1120 2864 supplicio
1140 2799 1183 2860 87,
1198 2799 1225 2851 2.

253 2881 356 2935 66666.
394 2868 455 2921 odo.
475 2881 544 2933 quas
563 2882 583 2920 6.
603 2867 923 2936 6666666666178,1.
961 2867 1036 2934 quod
1057 2865 1314 2922 666616161666661

157 2944 203 3006 80,
221 2943 244 2994 3.
283 2954 352 3006 quos
372 2978 380 2993 .
399 2979 405 2992 .
426 2978 432 2990 .
451 2938 551 2992 missos
575 2954 595 2991 6.
621 2937 765 2992 docuimus
789 2943 832 3006 66,
850 2945 873 2994 1.
906 2954 1034 3008 praepos.
1060 2956 1081 2994 s.
1109 2942 1240 3006 stagnum
1264 2955 1313 3008 po·

158 3012 238 3064 stero
258 3009 303 3064 die
323 3011 353 3063 et
370 3010 453 3063 noete
474 3008 603 3064 66616666
621 3015 664 3077 80,
679 3016 703 3064 3.

252 3079 397 3149 suscipio.
436 3079 512 3134 bello
531 3081 629 3136 contra
646 3081 782 3150 populum
800 3080 833 3135 R..
853 3083 982 3150 suscepto
1003 3088 1046 3150 91,
1061 3087 1085 3137 2.

251 3165 425 3220 666666666.
462 3151 642 3221 suspensiore
661 3152 754 3207 animo
775 3157 818 3221 48,
833 3157 858 3204 3.

252 3222 418 3292 *66661616
456 3221 529 3294 [6166
549 3223 719 3296 suspicione]
739 3229 782 3291 88,
797 3231 821 3277 3.
860 3224 905 3294 [66
926 3222 1095 3294 6666161666]
1117 3228 1159 3291 88,
1175 3231 1199 3280 4.

253 3295 402 3363 susplcor.
439 3294 568 3349 omnibus
586 3294 682 3350 inseiis
702 3311 792 3363 neque
817 3296 1024 3364 suspicantibus
1046 3301 1089 3362 37,
1104 3302 1129 3350 2.
1149 3325 1182 3336 -—
1202 3295 1311 3350 nullum

156 3368 274 3437 portum
293 3407 299 3420 .
319 3407 325 3422 .
344 3381 395 3435 pro
414 3369 491 3421 certo
510 3366 603 3421 tutum
623 3407 629 3420 .
649 3410 655 3424 .
676 3409 682 3421 .
702 3367 762 3422 fore
781 3366 978 3436 suspicabatur
998 3373 1023 3434 8,
1038 3372 1067 3433 6;
1087 3372 1169 3436 36,1.

248 3437 397 3492 66666666.
434 3435 551 3492 Caesam
567 3479 590 3492 ..
604 3480 609 3490 .
624 3437 708 3492 661616
729 3440 814 3506 66666
832 3439 918 3492 etiam
933 3438 1025 3492 aciem
1039 3439 1214 3492 sustentante
1229 3445 1272 3506 82,
1285 3445 1309 3493 3.

250 3509 395 3566 sustineo.
436 3508 646 3564 multitudinem
673 3525 755 3579 aegre
779 3510 956 3564 sustinebant
980 3515 1028 3577 14,
1047 3515 1077 3576 2;
1103 3516 1150 3577 61,
1166 3517 1190 3565 3.
1233 3511 1310 3565 66166

157 3583 219 3636 vim
238 3579 451 3651 [multitudinis]
472 3596 535 3634 cum
554 3580 662 3648 equites
677 3579 762 3651 pauci
777 3579 861 3652 [iam]
877 3581 1013 3634 sustinere
1028 3598 1082 3636 non
1097 3583 1212 3650 possent
1226 3587 1269 3649 66,
1280 3589 1309 3649 8;

157 3658 202 3721 78,
221 3659 244 3794 3.
270 3658 310 3719 70,
326 3657 352 3709 2.
371 3683 403 3690 -
423 3667 546 3720 quonam
570 3652 653 3706 modo
679 3653 816 3708 sustinere
835 3668 865 3706 se
882 3653 979 3721 posset
999 3652 1048 3722 [ab
1067 3669 1163 3707 eorum
1182 3652 1310 3720 equitatu

257 3728 298 3786 72,
313 3729 338 3778 2.

250 3809 332 3850 suus·
370 3794 641 3864 (61665666669,
662 3801 685 3851 6.
711 3802 754 3862 69,
769 3801 793 3850 6.
835 3809 931 3848 666616
951 3820 984 3840 ==
1004 3810 1116 3848 suorum
1142 3797 1237 3865 79,1.)
1273 3797 1308 3849 Α.

157 3883 232 3922 eum
249 3868 366 3922 660666
386 3866 413 3935 1)
431 3867 549 3932 refertar
568 3867 606 3920 cd
623 3867 775 3922 subiectam
789 3867 906 3922 eiusdem
919 3867 1070 3920 6666616616
1089 3867 1123 3920 de
1140 3870 1244 3921 terrore
1259 3883 1308 3920 suo

156 3938 412 4006 desperationeque
438 3936 602 4008 [exercitus]
629 3937 754 3993 Caesaris
780 3945 828 4006 32,
849 3945 872 3992 1.
916 3937 1060 3992 universas
1086 3955 1150 3992 6666
1179 3939 1307 4008 regisque

156 4007 256 4079 copias
275 4015 318 4077 48,
333 4016 358 4063 6.
396 4024 460 4064 suas
481 4008 636 4131 [66161166]
663 4009 786 4078 legiones
813 4016 856 4076 69,
871 4016 895 4064 2.
933 4010 969 4063 ab
992 4008 1214 4064 adversariorum
1238 4011 1306 4064 6616-

156 4097 216 4150 que
234 4080 322 4149 eopiis
342 4085 386 4146 69,
401 4085 426 4133 6.
463 4097 480 4133 6
519 4080 575 4134 6616
595 4081 702 4147 6666616,
726 4082 762 4135 61)
781 4080 919 4150 Scipionis
938 4080 1029 4151 [vero]
1050 4122 1056 4135 .
1076 4121 1081 4134 .
1103 4123 1110 4135 .
1130 4086 1173 4148 77,
1188 4087 1212 4135 4.
1250 4097 1307 4136 666

155 4153 253 4219 modo,
274 4153 305 4205 ut
317 4153 467 4220 parcerent
480 4149 564 4219 hosti,
582 4167 640 4206 non
660 4153 791 4220 poterant
809 4151 924 4220 adduci,
944 4151 993 4206 sed
1013 4153 1099 4206 etiem
1117 4168 1152 4205 ex
1166 4168 1306 4210 suoexer·

155 4223 219 4278 citu
237 4241 297 4292 sqq.
325 4227 368 4289 85,
384 4227 408 4277 6.
428 4253 460 4261 -
481 4239 547 4278 suae
570 4223 643 4278 aciei
666 4228 708 4289 69,
724 4230 752 4288 6;
776 4229 848 4291 27,1
874 4224 922 4278 bis.
946 4227 989 4291 41,
1003 4230 1027 4278 3.
1053 4229 1095 4289 60,
1110 4229 1135 4277 3.
1172 4223 1305 4294 [mediam

155 4294 250 4350 aciem
266 4293 358 4365 66616]
377 4299 421 4359 42,
437 4298 461 4348 1.
489 4292 524 4348 de
543 4295 731 4350 6666666666
748 4300 790 4362 26,
806 4301 830 4348 1.
858 4294 1080 4349 adversariorum
1096 4311 1207 4349 suorum
1223 4301 1265 4362 81,
1276 4301 1305 4362 9ς

155 4374 203 4435 26,
218 4373 243 4422 8.
282 4382 334 4420 666
358 4367 432 4420 bona
456 4369 543 4434 90,1.
581 4382 644 4420 6661
668 4363 746 4433 66616
771 4365 968 4433 calonibusque
992 4366 1049 4419 suis
1073 4371 1119 4432 66,
1134 4372 1159 4420 3.
1197 4367 1232 4420 ad
1255 4383 1308 4420 sua

154 4440 254 4494 castra
279 4443 321 4506 78,
338 4442 367 4505 96
391 4442 474 4507 30,1.
498 4443 541 4506 40,
556 4443 581 4493 4.
606 4443 649 4507 86,
664 4444 689 4494 2.
705 4444 729 4493 3.
754 4442 836 4508 75,1.
872 4451 952 4491 66616
976 4452 1089 4491 causam
1113 4443 1160 4508 64,
1175 4444 1199 4492 2.
1242 4455 1306 4493 suos
