3312 5130
584 370 699 424 INDEX
719 369 928 426 VERBORUM.
1263 362 1321 429 181

178 559 211 578 =
231 549 288 599 qna
307 549 340 585 ex
359 547 388 584 re
407 537 450 598 46,
465 535 490 584 4.
527 530 629 600 quibus
648 548 682 585 ex
700 532 783 585 rebus
802 537 845 597 33,
860 539 885 585 9.
910 537 952 598 72,
971 537 993 584 1.
1008 537 1032 586 5.
1070 546 1174 598 magna
1192 545 1226 584 ex
1244 531 1323 598 parte

177 610 221 671 31,
237 610 261 656 6.
299 620 417 671 quorum
436 620 470 656 ex
489 620 604 657 numero
623 608 666 670 33,
680 608 706 657 4.
744 620 777 656 ex
796 620 936 672 regnoque
956 608 1037 671 97,1,
1058 628 1091 650 =
1111 618 1145 655 ex
1163 602 1259 656 Africa
1276 602 1325 655 ab·

176 691 238 730 esse
258 680 301 741 54,
317 680 381 729 4..5
420 691 453 728 ex
473 673 571 755 castris
591 689 731 728 arcessere
751 679 838 741 l3,;3
858 675 921 745 [36,
936 675 973 746 9].
1011 691 1044 728 66
1064 673 1124 728 6616
1143 689 1229 726 cornu
1248 688 1324 727 aver-

176 750 236 801 tere
256 749 341 812 39,4.
378 761 411 798 66
430 743 507 799 61661
527 744 622 799 Africa
639 745 810 799 frumentum
829 748 995 815 6666616616
1013 751 1101 812 20,4,
1125 750 1172 810 20,
1189 752 1211 798 1.
1237 749 1324 810 91,1.

178 816 279 871 castris
298 833 332 870 ex
351 833 450 886 campo
468 817 498 870 in
517 817 618 872 collem
642 816 762 871 conlatis
781 823 828 884 68,
849 824 871 872 3.
911 815 1066 887 sagittariis
1089 833 1122 870 ex
1142 816 1260 870 navibus
1278 815 1324 870 de-

177 888 693 956 116661620,1,62,3.41,1.66,1.
722 886 1324 958 111116661666666611632,3.6111611666.

176 959 314 1028 egredior.
344 977 378 1012 ex
392 958 497 1040 oppido
512 959 606 1029 erupit
618 958 690 1012 mult
678 960 806 1027 61661166,
818 966 841 1014 1.
866 961 999 1028 aquatum
1014 959 1042 1031 [e
1056 957 1189 1029 navibus]
1200 959 1326 1013 exierant

178 1038 207 1098 7,
223 1037 248 1086 6,
286 1047 320 1084 ex
344 1029 452 1099 proelio
479 1030 575 1100 fugere
601 1036 689 1098 87,1.
714 1036 802 1098 91,1,
840 1047 874 1084 66
900 1032 998 1086 6611616
1024 1031 1133 1100 pedites
1159 1035 1326 1099 procurrunt

179 1108 227 1169 14,
244 1109 268 1156 2
307 1118 340 1154 ex
360 1101 588 1170 666611661611116
612 1109 659 1169 30,
675 1108 699 1158 2,
737 1119 771 1156 66
790 1119 823 1156 6ο
842 1102 904 1158 1666
923 1101 1108 1172 proficiscitur
1127 1108 1173 1169 67,
1191 1108 1217 1168 1,
1237 1105 1285 1167 63,
1301 1106 1325 1156 1,

177 1191 212 1227 66
232 1171 344 1242 oppidis
363 1174 510 1243 profugere
530 1180 612 1242 26,2.
650 1191 683 1228 66
706 1174 765 1228 6616
789 1173 905 1229 recessit
930 1180 976 1241 19,
995 1180 1021 1228 4.
1058 1191 1091 1227 66
1109 1173 1218 1242 6166116
1238 1189 1266 1228 66
1285 1189 1325 1226 16-

177 1246 316 1313 ceperunt
329 1250 411 1311 858
439 1263 473 1300 66
487 1245 571 1300 161116
584 1247 774 1314 transportare
790 1251 832 1314 72,
847 1251 876 1311 4,
895 1251 974 1313 47,.3
1001 1263 1034 1300 66
1048 1245 1153 1314 oppido
1168 1243 1325 1315 legationes

176 1316 368 1382 16611667,
398 1323 467 1382 7,1.
496 1323 583 1384 33,1.
608 1322 696 1383 30,2.
720 1322 810 1382 74,1.
849 1286 897 1385 616
898 1334 915 1370 6
941 1335 956 1371 6
982 1317 1066 1372 116616
1089 1315 1210 1370 collecte
1232 1322 1281 1383 24,
1300 1322 1325 1369 4.

178 1386 294 1456 cognito
320 1386 492 1455 legionis..
513 1404 572 1442 .ex
599 1387 696 1443 Sicilia
721 1388 823 1442 advent
813 1391 843 1442 66
868 1395 915 1456 62,
938 1395 960 1442 1.
998 1403 1031 1441 66
1055 1386 1159 1456 6661116
1179 1392 1261 1457 61666
1249 1389 1325 1441 61666

176 1459 256 1513 facta
275 1463 318 1526 58,
334 1463 362 1525 4,
383 1464 425 1520 86,
442 1464 514 1513 1.-
534 1476 568 1512 66
582 1457 703 1529 61166166
721 1458 846 1514 bellandi
861 1459 1062 1514 consuetudine
1077 1463 1234 1514 excesserat
1248 1465 1325 1524 73,1,

176 1561 212 1572 -
228 1547 262 1584 ex
282 1500 400 1583 collibus
419 1532 570 1600 erumpunt
588 1538 630 1597 69,
646 1538 675 1596 4,
694 1537 737 1599 69,
754 1537 776 1584 1.
797 1536 840 1598 60,
855 1538 879 1586 2.
908 1547 993 1586 exeo
1012 1531 1074 1586 loco
1093 1530 1224 1600 progredi
1243 1535 1286 1596 42,
1303 1535 1325 1583 1.

178 1602 239 1656 6166
268 1599 467 1656 anctoritatem
496 1620 529 1656 66
553 1573 646 1656 Gallia
670 1602 759 1657 666661
782 1608 829 1670 40,
848 1608 873 1657 6.
915 1601 1004 1656 661616
1027 1619 1062 1657 66
1085 1601 1187 1683 oppido
1212 1600 1325 1670 adigere

179 1680 226 1740 56,
242 1679 265 1726 1,
304 1671 356 1754 [611
368 1671 479 1754 insidiis
501 1674 604 1745 6116161]
630 1680 677 1741 69,
697 1679 720 1728 1.
758 1691 792 1728 ex
816 1673 956 1744 superiore
980 1674 1097 1729 loco..
1116 1672 1327 1729 c.ircumventi

179 1749 265 1810 40‚3.
296 1759 329 1796 ex
348 1743 487 1812 iniquiore
506 1745 568 1799 loco
587 1761 713 1816 pugnare
732 1751 814 1812 43,.1
843 1747 897 1801 eid.
918 1745 1058 1829 16616-
1078 1745 1191 1800 navium
1209 1762 1274 1825 6616
1293 1762 1326 1798 ex

179 1831 274 1870 errore
294 1815 392 1869 eodem
411 1815 607 1872 conferebatur
632 1823 717 1882 11,1.
754 1816 904 1886 61111666.
933 1817 996 1872 iter.
1024 1816 1171 1886 proelium.
1199 1815 1327 1884 legiones
1412 1873 1414 1878 ,

180 1887 370 1956 6616666616
389 1889 501 1942 relicere
520 1893 602 1957 34,6.
641 1888 928 1944 exterrerefirmare
948 1893 1083 1956 18,3.—
1102 1889 1158 1944 vid
1179 1903 1326 1956 cognosco.

179 1957 331 2038 intelleges
352 1974 385 2011 ex
404 1958 507 2013 virtute
526 1965 610 2026 45,.5
639 1977 671 2013 61
690 1958 1100 2042 66116616661616116616666,
1118 1967 1140 2014 1.
1170 1959 1327 2028 equitatum

182 2027 305 2111 [Scipio]
325 2045 359 2082 66
377 2031 522 2110 6111116616
541 2001 719 2097 6161166,.86
758 2031 851 2087 661166
870 2030 968 2113 addito
988 2048 1022 2086 66
1040 2031 1159 2086 victoria
1178 2036 1260 2098 87,6.
1294 2047 1327 2083 66

180 2100 301 2156 victoria
325 2099 469 2154 licentiam
491 2101 545 2156 sibi
570 2119 712 2156 assumere
738 2106 789 2168 85,
807 2109 831 2157 8.
869 2101 965 2173 copias
993 2120 1027 2158 ex
1047 2106 1205 2158 commeatu
1224 2119 1327 2170 augere

181 2178 265 2241 37,1.
303 2173 359 2228 eid.
385 2189 555 2255 commoveo.
594 2173 695 2240 quibus
721 2189 755 2228 ex
779 2174 862 2228 rebus
889 2174 943 2229 sibi
969 2174 1138 2258 dignitatem
1166 2173 1329 2229 conciliarit

180 2243 836 2322 22,3,72,6.66666616161661661118,4
876 2263 909 2300 ex
929 2247 1016 2316 666116
1036 2262 1148 2316 6661616
1168 2252 1215 2312 45,
1232 2252 1256 2300 5.
1295 2262 1328 2300 ex

181 2331 241 2395 qua·
250 2331 281 2368 re
295 2312 473 2370 1666116166
489 2334 622 2372 converso
638 2317 767 2384 equitatu
782 2323 824 2384 40,
840 2325 869 2383 2,
889 2323 932 2385 36,
947 2323 971 2371 2.
1000 2334 1153 2386 numquam
1168 2319 1330 2386 suppeteret

180 2404 214 2440 ex
232 2383 337 2440 inertia
357 2385 414 2442 sict
416 2387 492 2442 61166
510 2387 613 2442 fiducia
627 2395 669 2456 91,
685 2393 709 2444 5.
737 2390 770 2442 ut
788 2359 896 2471 aliquid
915 2389 968 2443 sibi
988 2405 1021 2442 ex
1041 2405 1074 2442 ea
1092 2407 1122 2443 16
1141 2388 1229 2442 auxili
1246 2404 1327 2457 para-

180 2460 225 2511 ret
243 2463 327 2522 88,6.
355 2459 415 2515 vid.
434 2459 588 2514 conscribo
626 2476 659 2520 ex
682 2459 858 2514 vestimentis
881 2457 1040 2516 tentoriolis
1063 2460 1213 2527 16661647,
1234 2466 1258 2515 6.
1296 2475 1330 2512 ex

183 2529 515 2610 6616166616661166616
530 2530 676 2602 conplures
687 2547 721 2586 ex
735 2532 812 2586 omni
824 2548 927 2600 genere
942 2531 1087 2586 hominum
1103 2538 1144 2599 19,
1156 2537 1179 2586 1.
1199 2546 1329 2601 6616666

182 2599 537 2671 6161166161666697,1.
577 2601 1329 2674 [666666666666601116]89,6.661666166666666

145 2697 148 2712 ·
182 2677 266 2739 41,2.
304 2671 419 2727 detrita
437 2691 540 2729 66666
558 2673 711 2755 promerito
730 2674 942 2743 desperantibus
961 2680 1043 2741 90,.2
1080 2673 1267 2743 impetut
1208 2673 1306 2728 iacto

182 2743 229 2814 [611
240 2741 418 2825 suspicione]
438 2750 485 2812 88,
505 2752 529 2801 4.
567 2744 672 2815 eligere
691 2763 725 2800 ex
744 2752 791 2811 32,
811 2753 836 2800 4,
860 2751 907 2813 46,
929 2752 953 2800 5.
991 2762 1099 2800 sumere
1119 2763 1153 2800 66
1171 2750 1219 2814 46,
1234 2751 1259 2799 6.
1296 2715 1330 2798 err

182 2813 303 2868 navibus
328 2814 465 2870 deducere
488 2823 536 2884 20,
559 2824 581 2873 1.
619 2833 653 2870 66
677 2787 835 2886 legionibus
860 2816 1007 2886 conplures
1030 2818 1285 2887 6161666166636,
1305 2821 1329 2870 6

183 2902 217 2940 66
236 2901 287 2939 666
306 2887 430 2942 exercitu
448 2888 595 2956 conplures
613 2888 814 2943 interfecemnt
832 2893 876 2956 85,
891 2896 919 2955 0,
940 2895 982 2957 92,
997 2895 1021 2969 3
1048 2895 1089 2957 19,
1107 2895 1129 2943 1.
1154 2895 1197 2955 53,
1212 2895 1237 2944 3.
1270 2888 1328 2960 [ex]

183 2957 307 3012 61166661
322 2957 465 3014 6111666166
478 2977 582 3029 666666
597 2961 747 3028 (cohortes)
760 2966 802 3029 60,
813 2967 839 3014 2.
862 2961 957 3041 quiex
971 2959 1063 3030 primo
1078 2959 1190 3042 agmine
1200 2960 1331 3030 fugerant

183 3035 231 3096 95,
246 3035 271 3082 2.
308 3030 603 3101 6666(6ο1161666)66
622 3031 762 3086 veteranis
781 3004 941 3114 legionibus
961 3048 1023 3085 cum
1044 3030 1169 3102 Sulpicio
1188 3047 1246 3086 rem
1265 3049 1329 3100 666-

182 3100 278 3181 serant
302 3106 394 3170 10,1.
432 3119 466 3156 ex
490 3104 612 3158 secundo
639 3104 797 3158 commeatu
822 3104 903 3157 navis
929 3119 985 3157 nna
1011 3120 1073 3158 cum
1101 3108 1220 3159 errasset
1238 3109 1286 3171 44,
1306 3108 1330 3156 1.

183 3188 264 3226 navis
279 3188 313 3225 ex
328 3174 425 3228 eadem
440 3174 530 3230 classe
544 3180 627 3243 443
657 3190 691 3228 ex
706 3175 833 3229 Gaetulis
852 3175 922 3229 duos
940 3181 982 3243 35,
998 3181 1027 3243 2,
1048 3179 1090 3244 66,
1105 3182 1130 3230 3.
1150 3180 1192 3242 76,
1208 3180 1232 3230 4.
1253 3179 1331 3244 78,6

184 3250 227 3311 77,
242 3249 267 3298 3.
292 3248 335 3312 62,
350 3251 374 3300 6.
399 3251 483 3314 46,2
508 3247 564 3316 [20,
581 3247 616 3317 1]
654 3243 685 3298 111
704 3264 753 3301 666
773 3247 870 3301 1166616
889 3263 975 3328 cornu
994 3263 1028 3301 ex
1047 3247 1170 3301 secunda
1189 3246 1276 3300 6616.

183 3317 293 3384 partem
307 3317 465 3372 cohortium
480 3317 678 3373 conlocauerat
692 3322 735 3383 60,
750 3324 824 3372 2.-
790 3335 873 3372 -66
886 3317 1027 3399 inproviso
1043 3323 1085 3385 59,
1101 3325 1125 3374 2.
1146 3325 1188 3386 69,
1203 3323 1227 3372 6.
1248 3323 1331 3386 61,6

184 3390 226 3454 80,
242 3391 267 3439 6.
304 3405 409 3455 magna
427 3406 461 3443 ex
479 3392 559 3456 66166
579 3394 621 3456 31,
637 3395 661 3443 6.
700 3405 733 3443 66
751 3389 895 3444 6661111666
914 3387 1014 3443 institu
1016 3392 1046 3444 to
1065 3396 1107 3456 66,
1124 3396 1147 3443 1.

185 3530 245 3584 tte
274 3460 398 3516 excedo.
436 3460 540 3530 oppido
560 3466 602 3529 35,
618 3467 642 3515 3.
680 3477 714 3514 ex
733 3460 854 3530 61166166
872 3460 998 3515 bellandi
1017 3461 1217 3516 consuetudine
1236 3459 1331 3515 celeri-

199 3547 216 3584 a
247 3547 302 3598 que
322 3538 363 3596 73,
380 3539 403 3586 1.

274 3604 439 3659 excellens.
475 3607 534 3658 tam
553 3604 701 3659 6666116661
720 3603 858 3659 16616166
876 3602 1015 3672 dignitate
1035 3611 1117 3672 334

274 3676 648 3756 66661666.66116637,,6
685 3677 749 3732 loca
767 3680 850 3745 49,.1
888 3675 1069 3801 supercilium
1088 3680 1169 3742 681

276 3747 406 3830 excipio.
444 3763 505 3815 eos,
529 3746 577 3815 qni
597 3747 809 3816 pabulandi..
829 3748 952 3818 ,661616
971 3751 1050 3802 extra
1068 3748 1174 3801 vallum
1192 3745 1333 3815 progressi

181 3819 291 3886 666666,
310 3819 437 3888 excipere
457 3819 621 3888 (equitatus)
641 3825 684 3888 34,
699 3825 723 3872 3.
762 3818 842 3873 navis
861 3836 878 3874 6
897 3818 1022 3888 Vergilio
1042 3821 1160 3888 excepta
1178 3823 1221 3886 44,
1238 3825 1260 3870 1.

274 3890 386 3946 6116116.
423 3891 531 3945 animos
550 3895 632 3957 81,1.

274 3962 413 4018 excludo.
450 3963 485 4016 de
511 3978 577 4031 1666
604 3962 776 4016 excludendo
802 3961 950 4016 consilium
975 3962 1220 4031 6666166697,1,
1246 3966 1332 4029 94,1.

181 4032 253 4101 1666
273 4038 321 4103 61,
340 4040 365 4089 7.
402 4050 487 4088 unam
510 4035 620 4103 partem
648 4034 791 4103 (hostium)
817 4033 853 4088 ab
880 4032 971 4088 altera
995 4034 1137 4089 exclusam
1165 4040 1250 4101 17,1.
1287 4049 1332 4086 ex·

181 4105 278 4159 clusus
297 4106 463 4175 6111666666
482 4105 583 4160 itinere
602 4111 645 4174 80,
661 4113 687 4160 3.

275 4177 427 4233 excursio.
461 4183 505 4245 61,
520 4183 544 4231 6.

274 4249 443 4304 excusatio.
477 4255 507 4318 8,
527 4256 551 4303 4.
586 4249 644 4304 sine
667 4265 747 4304 mora
766 4267 799 4305 ac
822 4249 901 4304 nulla
919 4248 1099 4304 excusatione
1118 4247 1220 4303 hiemis
1238 4250 1333 4304 vento-

181 4337 302 4389 rumque
321 4327 364 4389 36,
380 4328 403 4375 3.

276 4393 458 4462 exemplum.
496 4393 549 4462 (66)
569 4391 695 4447 Curionis
715 4394 843 4462 exemplo
864 4435 870 4447 .
892 4434 898 4447 .
920 4435 926 4449 .
946 4391 1170 4462 opprimerentur
1190 4398 1231 4461 19,
1247 4397 1271 4447 3.

277 4476 363 4520 exeo.
400 4467 535 4532 aquatum
555 4463 583 4534 [a
601 4464 731 4538 naribus]
752 4472 776 4534 7,
792 4473 816 4520 6.
