3288 5124
341 402 384 467 92
740 401 888 458 BELLUM
907 401 1080 458 Aramum,

341 572 475 651 tumque
498 567 667 652 praefecti,
691 589 827 653 quorum
846 571 957 652 patres
981 587 1053 632 61116
1076 565 1181 630 Μ6116
1205 570 1280 630 6616
1299 571 1492 632 meruerant

342 657 473 740 eiusque
488 657 644 722 beneficio
660 657 748 743 agris
763 657 945 740 finibusque
961 655 1073 720 donati
1091 660 1168 740 post
1186 653 1296 719 Sullae
1315 655 1490 720 victoriam

344 746 404 810 sub
427 745 627 829 Hiempsalis
651 746 737 831 regis
757 750 849 811 erant
873 746 939 810 dati
960 747 1172 830 potestatem,
1196 745 1365 809 occasione
1388 749 1491 829 capta

340 840 437 902 nocte
467 835 532 898 iam
563 835 741 900 luminibus
772 835 915 900 accensis
946 856 1019 899 eum
1047 833 1139 918 equis
1163 833 1395 917 calonibusque
1420 835 1490 898 suis

341 924 468 988 circiter
498 925 587 988 mille
616 924 805 1009 perfugiunt
833 925 869 987 iu
892 923 1040 990 Caesaris
1072 925 1192 1007 castra,
1225 945 1307 1008 quae
1331 927 1425 987 erant
1452 923 1528 992 ins

342 1035 456 1097 campo
480 1013 625 1098 proxime
650 1014 783 1093 [locum]
811 1012 922 1078 Uzitae
947 1014 1061 1078 locata.

308 1123 320 1170 1
432 1100 490 1168 57.
515 1101 608 1177 Quod
626 1104 798 1187 postquam
819 1101 941 1186 Scipio,
961 1101 1080 1185 quique
1100 1123 1170 1165 cum
1191 1122 1229 1165 eo
1249 1105 1351 1184 erant,
1370 1123 1491 1187 cogno

342 1196 472 1274 verunt,
503 1213 576 1256 cum
610 1192 763 1256 commoti
791 1214 829 1254 ex
856 1192 915 1258 tali
943 1190 1147 1256 incommodo
1176 1193 1298 1273 essent,
1330 1190 1397 1254 fere
1430 1212 1493 1273 per

341 1280 426 1344 idern
460 1284 587 1364 tempus
620 1279 662 1344 M.
686 1279 863 1364 Aquinium
897 1302 970 1344 cum
1003 1277 1036 1344 O.
1062 1277 1200 1344 Saserna
1238 1279 1493 1364 conloquentem

307 1392 323 1438 a
343 1369 500 1434 viderunt.
547 1367 655 1452 Scipio
681 1369 782 1434 mittit
805 1371 845 1434 ad
868 1368 1060 1453 Aquinium,
1078 1368 1160 1432 nihil
1185 1369 1359 1452 pertinere,
1384 1370 1491 1451 [eum]
1515 1391 1553 1439 10

344 1482 416 1524 cum
441 1459 634 1524 adversariis
659 1458 821 1543 conloqui.
858 1457 940 1522 (lum
958 1457 1062 1522 nihilo
1086 1457 1192 1522 minus
1212 1459 1280 1522 eius
1304 1479 1492 1522 sermonem

434 1642 446 1689 1
468 1635 562 1704 partes
580 1634 608 1689 A
626 1651 673 1704 pr.
692 1652 727 1689 nr.
752 1633 812 1689 UF
832 1635 841 1704 (Ι
865 1635 1025 1688 manserant
1043 1635 1071 1688 A
1094 1636 1103 1702 Ι)
1126 1639 1142 1688 2
1162 1632 1251 1688 Sillae
1269 1633 1297 1688 A
1303 1654 1313 1699 ‚·
1341 1631 1441 1702 spillae
1463 1635 1493 1687 L

342 1761 441 1825 (idest
462 1720 556 1824 sillae,
579 1760 670 1826 foruna
692 1760 794 1814 uocalis
816 1760 1016 1828 superscriptae
1033 1760 1161 1828 proxime
1184 1760 1221 1813 ad
1240 1759 1358 1813 litteram
1377 1776 1395 1826 p
1415 1774 1493 1812 acce-

341 1832 431 1899 dente)
464 1835 473 1902 )(
507 1836 524 1885 3
548 1830 698 1886 Hiemsalis
726 1830 887 1885 ALPUV
915 1833 925 1901 ((
956 1831 1098 1899 potestate
1127 1831 1255 1884 ALPU
1281 1831 1290 1899 (Ι
1318 1831 1435 1898 accepta
1465 1830 1495 1882 L

342 1904 509 1974 (corruptela
527 1908 589 1957 orta
608 1920 641 1956 ea
660 1903 809 1970 accensis);
829 1902 897 1957 data
918 1902 1088 1956 Petoviunue
1115 1903 1125 1970 (1
1153 1901 1278 1970 6161116]
1298 1917 1361 1954 ·m·
1389 1900 1493 1966 LV&

339 1977 416 2058 iA‚·
442 1991 486 2044 ·I·
506 1991 634 2047 PUFD
665 1993 675 2060 l(
706 1990 882 2062 perfugiunt]
905 1994 1022 2058 sortasse
1044 1992 1216 2046 scribendum
1239 1989 1405 2059 profugiunt
1427 1992 1494 2046 coll.

344 2069 387 2125 26,
406 2068 431 2116 2.
461 2068 503 2130 36,
524 2068 540 2116 6
563 2065 572 2132 l(
596 2069 611 2117 6
632 2062 750 2133 [locum]
769 2063 832 2117 incl.
851 2065 926 2118 editt.
949 2066 959 2132 (Ι
985 2062 1086 2132 Uzytte
1106 2063 1149 2131 A;
1167 2059 1277 2116 Scirtae
1301 2061 1327 2114 V
1346 2063 1356 2131 l(
1384 2067 1399 2115 7
1419 2078 1495 2128 quos

343 2133 472 2204 AUF(
496 2132 612 2204 quique]
632 2137 661 2188 et
680 2132 728 2202 qui
746 2135 789 2199 Α)
817 2137 851 2201 cf.
876 2138 954 2200 35,1
978 2136 988 2203 (1
1011 2150 1043 2188 66
1068 2149 1118 2190 om.
1143 2132 1170 2186 A
1193 2134 1203 2202 ΙΙ
1225 2130 1495 2206 9*111661]1110((

344 2203 518 2272 *Aquinium
535 2206 581 2259 hic
598 2211 623 2260 et
641 2222 720 2260 anau
738 2205 821 2275 inseq.
843 2205 866 2259 O
880 2210 990 2274 praeter
1009 2205 1051 2272 A,
1074 2206 1123 2274 qui
1145 2205 1225 2260 habet
1243 2202 1383 2272 Aquinum
1408 2206 1417 2273 Ι)
1444 2203 1494 2276 Q]

342 2275 373 2331 61
388 2279 429 2344 (id
447 2282 485 2332 est
499 2277 623 2346 consule)
640 2278 666 2331 L
688 2279 698 2347 l
720 2276 842 2331 Saserna
856 2277 883 2331 A
905 2277 914 2346 Ι)
941 2281 973 2330 10
992 2275 1086 2330 dicens
1104 2275 1176 2330 nihil
1197 2277 1222 2330 V
1242 2277 1252 2344 Ι(
1273 2274 1433 2345 *pertinere
1448 2276 1494 2345 L,

343 2348 463 2404 attinere
481 2348 510 2402 R
532 2349 541 2418 Ι(
563 2347 672 2419 *[6661]
691 2364 741 2404 om.
760 2348 787 2402 L

435 2532 447 2579 1
468 2543 529 2581 curn
549 2527 647 2581 Mario
664 2527 830 2597 meruerant]
851 2524 998 2596 auspiciis,
1017 2525 1104 2579 ductu
1117 2523 1214 2579 Marii:
1236 2528 1278 2593 10,
1295 2530 1308 2577 1
1324 2523 1494 2579 cohortibus

344 2615 417 2667 quae
437 2615 500 2653 cum
519 2595 644 2667 Sulpicio
663 2599 693 2652 et
710 2597 824 2653 Vatinio
843 2615 901 2654 rem
920 2599 1078 2667 gesserant;
1098 2603 1122 2663 9,
1144 2603 1166 2651 1.
1203 2594 1255 2650 Est
1272 2597 1367 2650 autem
1385 2594 1494 2650 Roma-

344 2687 444 2724 norum
462 2669 636 2738 temporibus
655 2671 696 2724 rei
718 2669 849 2739 publicae
872 2669 977 2723 liberae
996 2668 1153 2738 proprium,
1173 2670 1205 2722 ut
1223 2670 1252 2722 et
1270 2668 1368 2729 ducem
1387 2665 1494 2721 militi·

345 2743 397 2795 bus
416 2741 444 2810 (i.
460 2757 483 2796 e.
504 2739 622 2810 civibus)
642 2742 672 2795 et
685 2741 790 2795 milites
805 2741 869 2795 duci
888 2742 1017 2808 aequent.
1043 2739 1110 2794 Inde
1125 2755 1143 2792 a
1160 2738 1240 2793 Livio
1255 2738 1312 2792 fere
1330 2738 1494 2807 praevalet:

345 2813 481 2877 militare,
500 2828 606 2866 merere
626 2812 676 2867 sub
691 2813 795 2881 aliquo.
816 2844 848 2852 -
868 2819 884 2866 3
903 2813 1041 2867 occasione
1060 2811 1154 2881 captu]
1173 2809 1297 2863 Fortuna
1315 2809 1496 2865 occasionem

346 2884 440 2952 offert,
458 2882 543 2937 homo
564 2883 654 2953 capit,
673 2884 760 2952 rapit,
780 2881 886 2952 arripit.
919 2883 1036 2937 Plautus
1055 2882 1154 2936 Pseud.
1170 2887 1239 2935 1022
1256 2884 1348 2950 (1006)
1366 2881 1390 2934 si
1409 2896 1495 2936 occa-

347 2957 453 3010 sionem
477 2954 576 3023 capsit.
604 2985 637 2995 -
663 2962 680 3009 4
704 2955 855 3010 luminibus
878 2955 1009 3025 accensis]
1033 2958 1076 3020 89,
1096 2959 1120 3008 6.
1162 2951 1232 3007 Ρ116.
1256 2952 1314 3007 nat.
1339 2952 1366 3005 h.
1393 2957 1433 3018 11,
1457 2959 1495 3008 65

346 3027 452 3098 papilio
478 3025 633 3080 luminibus
659 3025 785 3081 accensis
809 3025 967 3080 advolitans
986 3051 1020 3071 =
1039 3030 1087 3090 28,
1109 3031 1158 3078 162
1181 3022 1288 3093 papilio
1313 3024 1496 3078 lucernarum

345 3097 498 3152 luminibus
524 3098 667 3152 advolans.
705 3096 845 3153 censorin.
869 3103 916 3165 24,
942 3103 957 3152 6
981 3098 1047 3166 post
1068 3096 1097 3150 id
1121 3095 1339 3165 (crepusculum)
1363 3095 1496 3163 sequitur

347 3172 471 3238 tempus,
491 3169 566 3238 quod
581 3169 699 3223 dicimus
712 3169 866 3224 luminibus
880 3167 1018 3233 accensis;
1039 3167 1149 3235 antiqui
1163 3166 1255 3236 prima
1268 3165 1329 3221 face
1344 3166 1494 3236 dicebant3

347 3239 449 3294 deinde
477 3239 642 3296 concubium
670 3243 722 3295 etc.
752 3273 784 3282 -
818 3247 834 3295 6
858 3241 984 3310 proaime
1015 3239 1121 3309 Uattae]
1146 3238 1248 3292 Caesar
1271 3237 1282 3289 Ι
1303 3243 1380 3305 72,6
1404 3253 1494 3305 quarn

346 3311 471 3381 proxime
500 3312 595 3380 potest
618 3311 743 3367 hostium
767 3313 865 3366 castris
889 3313 983 3366 castra
1006 3310 1172 3377 communit,
1196 3309 1245 3364 sed
1268 3325 1332 3362 cum
1356 3308 1494 3365 adverbio

349 3383 504 3452 ‘proxime’
531 3383 695 3452 plerumque
720 3383 897 3438 accusativus
920 3383 1041 3438 addatur
1064 3381 1153 3451 (Hisp.
1179 3386 1238 3449 7,3
1262 3398 1303 3450 pr.
1327 3379 1493 3450 Ateguam),

347 3456 464 3512 fortasse
483 3453 596 3509 Unitum
615 3454 791 3510 scribendum
811 3456 855 3510 est
873 3455 922 3508 aut
940 3453 1075 3523 oppidum
1094 3452 1200 3506 Uzitae.

436 3524 485 3582 57.
515 3528 674 3581 8661661611Ι
692 3544 725 3582 ec
743 3533 762 3581 t.
781 3527 813 3596 1.)
834 3527 868 3580 ci.
888 3526 924 3580 ad
943 3531 986 3593 48,
1007 3530 1031 3579 3.
1057 3555 1090 3564 -
1110 3541 1162 3593 per
1180 3523 1250 3578 idem
1268 3522 1384 3592 tempus]
1405 3539 1494 3592 saepe

347 3599 376 3652 in
400 3599 493 3652 locum
516 3597 671 3666 particulae
694 3598 806 3652 inten’m
831 3595 964 3652 successit
987 3598 1086 3666 (34,1.
1117 3599 1204 3662 47,1.
1235 3599 1277 3660 74,
1296 3600 1321 3647 2.
1347 3594 1437 3661 96,1)
1463 3597 1495 3648 61

347 3668 430 3724 1111116
454 3669 555 3738 capitis
581 3669 694 3737 ponitur
717 3687 734 3723 a
758 3667 892 3723 Sallustio
914 3667 973 3737 lug.
998 3672 1084 3736 63,1.
1115 3673 1160 3733 70,
1179 3671 1204 3719 4.
1233 3670 1340 3729 114,1:
1372 3665 1437 3733 ‘per
1462 3666 1493 3720 id

350 3741 476 3809 tempus’
498 3739 669 3808 significaret
686 3740 837 3809 Aquinium
857 3739 966 3794 tamdiu
985 3755 1048 3792 cum
1063 3739 1183 3792 Saserna
1201 3736 1406 3804 colloquentem
1424 3753 1493 3791 con-

350 3816 476 3880 spectum
502 3829 575 3879 esse,
601 3812 734 3881 quamdiu
761 3810 855 3882 Scipio
881 3810 915 3864 de
939 3808 1103 3878 transfugiis
1126 3807 1308 3862 Gaetulorum
1334 3809 1494 3862 commotus

349 3885 429 3936 esset.
467 3881 506 3937 of.
531 3883 568 3938 ad
593 3890 615 3950 1,
635 3889 660 3937 3.
688 3915 723 3924 -
751 3889 767 3937 9
790 3883 832 3938 Μ.
853 3881 1018 3953 Aquinium]
1042 3882 1076 3935 ci.
1100 3896 1157 3934 var.
1180 3880 1244 3934 lect.
1268 3877 1304 3932 ad
1327 3883 1378 3944 §4
1401 3880 1429 3932 et
1455 3881 1491 3932 ad

349 3960 393 4021 89,
412 3959 441 4007 5:
465 3971 567 4008 nomen
590 3953 683 4023 gentis
706 3956 847 4010 Romanae
871 3959 901 4008 et
924 3972 957 4008 611
975 3951 1204 4022 inscriptionibus
1221 3954 1319 4004 notum
1338 3953 1367 4004 et
1385 3946 1494 4004 Catulli

349 4042 431 4080 versu
446 4028 499 4093 (14,
517 4028 561 4095 17)
579 4027 786 4091 confirmatum3
809 4025 935 4093 Aquinas
949 4021 1257 4079 1661661661Μ61116116
1272 4019 1359 4091 epigr.
1377 4027 1399 4089 1,
1414 4026 1460 4087 93,
1478 4029 1491 4076 1

350 4100 379 4152 61
397 4099 512 4152 Tacitus
531 4097 595 4150 hist.
611 4104 635 4165 1,
652 4103 675 4152 7.
695 4127 728 4137 -
749 4103 782 4151 10
801 4098 872 4152 nihil
886 4095 1036 4166 pertinere]
1055 4094 1113 4149 scil.
1132 4093 1170 4148 ad
1188 4111 1260 4161 rem,
1281 4093 1327 4146 ‘es
1346 4092 1418 4146 habe
1437 4094 1493 4148 mit

350 4168 400 4223 der
423 4167 511 4222 Sache
535 4167 628 4222 nichts
652 4186 685 4222 zu
708 4169 791 4235 thun,
820 4185 850 4221 es
876 4168 981 4236 gehbre
1004 4165 1064 4220 sich
1087 4165 1191 4220 nicht'.
1228 4161 1391 4220 Cornificius
1408 4169 1434 4232 4,
1456 4170 1491 4219 37

350 4241 423 4308 quod
442 4238 605 4294 iniuriarum
625 4239 787 4294 satisfecisti
811 4241 841 4295 L.
860 4239 995 4305 Labeoni,
1018 4237 1089 4292 nihil
1112 4236 1149 4289 ad
1172 4237 1245 4291 hanc
1267 4253 1325 4290 rem
1349 4233 1493 4303 pertinere

349 4315 427 4379 puto.
464 4311 594 4366 Fortasse
614 4311 802 4366 scribendum:
821 4311 893 4365 nihil
911 4310 1051 4380 pertinere
1071 4309 1117 4378 (ad
1136 4310 1214 4375 rem).
1247 4306 1385 4362 Usitatius
1405 4306 1493 4361 ‘nihil

350 4381 475 4436 attinet’.
494 4413 528 4422 -
549 4383 631 4454 [eum]
652 4383 818 4451 delevimus,
837 4383 916 4450 quia,
940 4381 1017 4449 quod
1036 4380 1129 4450 Scipio
1148 4378 1246 4448 iussit,
1269 4394 1325 4432 non
1343 4376 1380 4431 ad
1399 4377 1495 4432 solum

353 4451 503 4520 Aquinium
518 4453 690 4522 pertinebat,
708 4453 796 4507 levior
815 4454 888 4507 enim
902 4452 1012 4506 videtur
1031 4467 1091 4506 esse
1104 4449 1283 4521 reprehensio
1302 4464 1420 4518 persona
1435 4467 1496 4505 non

350 4522 502 4578 nominata.
512 4556 539 4563 —
553 4531 584 4579 11
594 4525 752 4595 sermonem]
761 4525 835 4579 idern
844 4523 901 4579 1616
909 4525 983 4592 quod
991 4540 1152 4592 responsum
1161 4539 1211 4592 per
1219 4537 1373 4576 sermonem
1383 4519 1495 4577 datum.
