3292 5132
650 337 867 394 PRAEFATIO.
1254 341 1333 396 XVII

185 505 385 588 relegamus:
416 504 507 588 lO‚3
534 524 593 567 nec
621 502 806 586 quicquam,
833 502 924 586 18,5
953 503 1018 566 iam
1047 503 1142 568 hoste
1171 505 1332 589 mittente,

141 616 146 626 ·
186 594 241 674 21,
261 593 283 656 4
306 591 458 676 disponit,
481 592 533 676 26,
552 590 573 656 5
597 591 712 675 abripi,
735 590 786 655 his
811 612 845 654 se
866 594 935 672 etc,
958 593 1047 674 34,1
1072 615 1130 676 per
1149 593 1234 658 idem
1253 597 1332 659 tem-

186 703 250 765 pus
275 678 342 766 (47,
364 681 407 764 1),
431 681 483 765 35,
502 682 523 744 6
546 679 774 763 profugerunt,
797 680 887 762 38,1
913 679 1030 762 effecit,
1052 681 1142 766 48,1
1169 682 1209 746 ad
1232 685 1333 747 terro-

187 793 267 853 rem,
291 770 378 852 58,2
398 773 472 833 ante
492 789 717 852 concursuros,
742 770 822 852 61,1
844 768 917 854 diei,
941 770 1026 854 63,1
1047 791 1093 852 ac,
1117 770 1169 850 67,
1184 773 1205 836 2
1223 794 1333 855 parvo,

188 858 278 943 80,5
298 862 438 943 tergum,
461 859 549 942 84,2
568 860 739 937 armatum,
763 856 848 940 85,1
872 862 1107 943 succurrerent,
1130 859 1216 944 85,6
1235 861 1333 943 viros,

191 949 246 1031 88,
265 949 286 1012 3
309 947 429 1030 intulit,
452 947 504 1031 91,
524 947 544 1010 3
567 946 716 1031 primum,
740 946 792 1030 93,
811 948 832 1010 3
855 945 933 1031 ipse.

281 1035 429 1100 Tertium
448 1035 599 1118 codicem,
623 1035 662 1098 ad
687 1035 776 1099 cuius
801 1037 1029 1100 auctoritatem
1048 1035 1153 1102 editor
1173 1059 1332 1102 commen-

187 1124 267 1190 tarii
286 1146 320 1188 se
340 1124 582 1189 accommodare
602 1122 707 1206 debet,
726 1145 796 1188 esse
814 1122 1035 1188 Parisinum
1054 1125 1121 1189 sive
1140 1124 1332 1190 Thuaneum
1416 1181 1421 1188 .

188 1213 278 1278 haud
302 1213 489 1298 ambigitur.

278 1301 410 1386 Reliqui
436 1324 510 1367 raro
539 1305 650 1366 tantae
680 1305 758 1366 sunt
784 1302 871 1386 fidei,
901 1306 939 1366 ut
968 1323 1007 1367 ex
1036 1302 1077 1366 iis
1109 1303 1188 1368 solis
1219 1307 1334 1369 contra

187 1391 417 1457 auctoritatem
453 1391 598 1456 codicum
631 1387 725 1455 ALP
757 1391 981 1456 commentarii
1013 1391 1195 1457 emendatio
1229 1393 1333 1477 repeti

185 1481 307 1566 possit3
329 1479 523 1545 Ursinianus
548 1484 657 1545 autem
681 1484 714 1544 et
736 1479 943 1545 Florentinus
965 1477 1228 1569 (Riccardianus)
1252 1483 1332 1546 adeo

187 1570 224 1633 in
242 1571 430 1634 universum
449 1569 647 1654 conspirant,
666 1576 703 1634 ut
722 1591 760 1635 ex
780 1569 892 1634 eodem
910 1573 1083 1655 utrumque
1099 1570 1185 1634 libro
1201 1569 1333 1636 fluxisse

189 1659 288 1723 dicaa

280 1907 334 1972 De
353 1907 528 1972 codicum
547 1907 858 1992 interpolatione
873 1908 1078 1990 expositurus
1092 1909 1169 1994 quid
1184 1908 1333 1994 sentiam,

188 2014 310 2062 novam
334 1996 475 2062 fortasse
503 1996 665 2081 plerisque
694 2000 726 2060 et
754 1996 937 2062 inauditam
964 2019 1033 2062 rem
1056 1998 1164 2062 moliri
1187 1997 1336 2084 videbor,

188 2086 326 2152 arduam
350 2091 449 2168 certe,
473 2085 502 2150 si
525 2085 653 2169 quidem
676 2086 804 2150 nullum
826 2087 903 2151 novi
926 2086 1061 2169 librum,
1085 2088 1139 2171 qui
1157 2086 1219 2152 hac
1242 2087 1277 2152 in
1300 2110 1335 2153 re

187 2199 263 2241 cum
291 2174 522 2241 commentario
551 2175 630 2239 belli
660 2174 764 2239 Africi
791 2175 898 2260 possit
925 2175 1115 2260 comparari.
1165 2173 1228 2241 Sed
1258 2198 1335 2260 quo-

187 2265 287 2330 modo
311 2264 539 2330 adnotationes
563 2265 762 2348 marginales
785 2264 820 2327 in
843 2269 969 2329 textum
992 2265 1183 2350 irrepserint
1205 2265 1336 2330 inscitia

189 2353 414 2437 librariorum,
438 2352 693 2418 luculentissime
717 2352 934 2438 Hieronymus
955 2354 1049 2419 docet
1073 2353 1336 2438 epistilium:

188 2442 310 2508 ‘miror
334 2442 495 2528 quomodo
520 2463 537 2505 e
560 2443 661 2507 latere
692 2441 935 2507 adnotationem
958 2448 1104 2508 nostram
1126 2442 1235 2508 nescio
1263 2444 1335 2527 quis

187 2532 385 2596 temerarius
414 2531 619 2596 scribendam
645 2531 680 2595 in
710 2553 844 2614 corpore
876 2529 1066 2616 putaverit'.
1116 2530 1334 2596 Notissimum

188 2621 272 2686 illud
302 2642 430 2704 quoque
462 2620 724 2703 interpolationis
758 2641 873 2704 genus,
905 2643 978 2685 cum
1010 2621 1170 2685 vocabula
1201 2620 1336 2704 rariora,

187 2709 333 2794 poetica,
365 2709 514 2774 obsoleta
545 2709 631 2774 tritis
661 2713 694 2774 et
721 2708 910 2794 vulgaribus
939 2709 1156 2793 explicantur,
1188 2710 1273 2794 quod
1301 2709 1335 2774 in

189 2797 361 2882 Aeschyli,
390 2796 575 2882 Sophoclis,
604 2797 771 2882 Euripidis
805 2798 970 2864 codicibus
998 2798 1138 2864 maxime
1170 2800 1336 2864 observari

189 2888 274 2953 satis
298 2891 435 2952 constat.
481 2886 519 2951 Id
542 2909 608 2952 non
630 2887 793 2971 pertinere
817 2887 857 2951 ad
876 2887 1029 2952 Asinium
1052 2909 1092 2952 ex
1115 2910 1153 2953 eo
1176 2887 1337 2974 intellegi-

187 2983 258 3057 tur,
291 2977 377 3060 quod
410 2998 515 3041 sermo
544 2977 769 3042 commentarii
796 2977 948 3063 congruit
974 2977 1010 3040 in
1042 2977 1231 3042 universum
1263 2999 1336 3042 eum

189 3065 354 3149 Caesaris,
377 3063 493 3148 Hirtii,
516 3061 664 3130 Sallustii
687 3065 843 3132 oratione.
879 3065 992 3151 Longe
1016 3065 1116 3130 aliam
1139 3087 1215 3131 vero
1238 3065 1335 3130 inter·

189 3153 370 3239 polationis
394 3154 554 3219 rationem
573 3156 799 3240 cognoscimus
819 3177 857 3219 ex
881 3156 1116 3220 sententiarum
1139 3155 1335 3219 Publiliana-

188 3265 267 3308 rum
289 3241 397 3308 codice
421 3242 602 3328 Turicensi,
632 3265 695 3327 qua
726 3243 764 3307 de
794 3266 829 3308 re
860 3243 927 3308 dixi
955 3243 989 3307 in
1012 3243 1141 3328 Proleg.
1165 3243 1205 3308 ad
1229 3265 1336 3308 meam

188 3330 326 3396 Publilii
350 3331 525 3397 editionem
547 3352 600 3417 pg.
622 3332 766 3398 47—52.
811 3330 943 3398 Scilicet
971 3333 1156 3398 scholarum
1185 3333 1336 3418 magistri

190 3421 291 3486 etiam
321 3421 420 3484 verba
451 3420 589 3507 optima,
618 3421 802 3506 notissima,
832 3421 1024 3505 planissima
1052 3422 1100 3486 ita
1128 3421 1336 3505 interpretari

189 3510 355 3594 solebant,
391 3513 428 3573 ut
463 3515 656 3594 quaererent
685 3511 802 3594 quibus
837 3510 910 3574 aliis
943 3510 1110 3576 vocabulis
1139 3532 1190 3576 res
1223 3509 1335 3575 cadem

188 3603 303 3684 posset
332 3599 483 3684 exprimi3
513 3599 547 3662 id
575 3603 625 3663 est
651 3599 799 3684 linguam
827 3599 964 3664 latinam
996 3600 1156 3664 docebant
1188 3599 1334 3683 legendis

118 3687 128 3698 '
189 3687 324 3771 optimis
348 3687 560 3773 scriptoribus
581 3692 614 3752 et
631 3689 771 3774 ingeniis
791 3711 966 3772 puerorum
984 3689 1122 3754 maxime
1142 3687 1237 3773 aptis,
1260 3690 1336 3752 sub-

191 3776 364 3842 stituendis
379 3777 495 3842 'verbis
519 3777 630 3842 eadem
654 3777 908 3864 declarantibus,
932 3778 1068 3863 denique
1092 3777 1335 3843 enuntiatorum

190 3865 447 3932 conformatione
479 3866 613 3949 paulum
646 3866 857 3932 immutanda.
912 3868 1008 3934 Tales
1042 3867 1248 3953 grammatici
1283 3867 1335 3931 ad·

188 3955 376 4020 notationes
403 3956 484 4038 ipsis
513 3956 681 4039 scriptoris
709 3951 827 4021 verbis*
846 3957 1013 4022 immixtas
1040 3956 1142 4022 fuisse
1174 3957 1235 4020 hae
1264 3977 1335 4019 sen·

189 4043 313 4108 tentiae
336 4045 551 4129 comprobant
574 4067 611 4109 ex
636 4045 744 4111 codice
769 4045 938 4110 Turicensi
961 4046 1155 4130 descriptae:

281 4149 422 4217 Crudelis
445 4155 494 4215 est
516 4152 550 4215 in
572 4172 608 4215 re
632 4152 766 4217 adversa
790 4151 992 4236 subiurgatio
1016 4153 1101 4217 coebo
1122 4151 1168 4215 uel
1189 4170 1290 4215 saeua.

280 4239 444 4324 Malignos
468 4241 537 4304 fieri
560 4242 696 4306 maxime
718 4241 858 4325 ingratos
881 4241 990 4306 docere
1011 4260 1108 4322 saepe.

281 4327 430 4394 Pericula
454 4330 581 4395 timidus
604 4329 705 4394 etiam
729 4352 811 4414 quae
834 4351 900 4395 non
925 4333 1000 4394 sunt
1022 4330 1111 4393 videt
1132 4347 1312 4412 praesagus

279 4415 415 4482 Fatetur
442 4417 567 4482 facinus
597 4423 750 4501 prompte,
782 4421 837 4502 qia
864 4417 1017 4482 iudicium
1050 4417 1135 4503 fugit
1167 4419 1336 4500 manifeste.

245 4531 336 4572 Bellum
351 4531 463 4573 Africum.
1104 4520 1124 4576 b
