3312 5130
658 410 854 470 APPENDIX.
1266 415 1330 480 155

183 579 317 663 devicit,
345 578 410 643 nisi
433 578 519 660 quod
549 577 647 642 verbo
670 579 851 663 composito
875 578 1046 646 victoriam
1074 580 1204 663 plenam
1227 580 1328 646 fuisse

184 669 357 753 significat.
403 667 506 732 Paulo
530 667 692 750 copiosius
719 667 832 732 Florus
855 669 887 752 4,
905 670 935 752 2,
954 670 1012 732 66:
1036 669 1178 752 primum
1202 673 1329 755 strages

183 783 203 823 a
230 758 312 822 Iuba
340 756 460 840 coepit,
495 754 585 821 cuius
614 755 780 839 elephanti
807 757 968 822 bellorum
996 758 1090 822 rudes
1119 762 1152 824 et
1179 780 1282 843 nuper
1310 783 1329 823 a

183 848 268 913 silva
291 845 490 911 consternati
514 846 623 910 subito
652 845 804 929 clangore
827 846 982 911 lituorum
1012 847 1046 911 in
1075 869 1151 912 suos
1175 869 1246 912 sese
1269 849 1328 913 cir-

183 957 354 1020 cumegere
377 934 491 1000 statim
510 934 669 1000 exercitus
693 935 727 999 iu
746 935 873 1021 fugam,
896 957 955 1001 nec
974 936 1075 1022 'duces
1094 936 1213 1002 fortius
1232 959 1329 1021 quam

182 1030 220 1090 ut
243 1026 432 1111 effugerent.
783 1076 790 1092 .

272 1114 312 1178 ln
335 1112 511 1178 Plutarcho
537 1113 675 1177 maxime
699 1114 830 1198 mirum,
855 1114 940 1197 quod
964 1136 1032 1199 cap.
1052 1113 1095 1178 53
1118 1115 1158 1179 de
1178 1112 1328 1180 Caesaris

184 1204 299 1268 morbo
329 1202 419 1268 dicit:
452 1205 583 1286 Καίσαρ
611 1200 744 1279 ἑλώδεις
771 1203 893 1279 τόπους
925 1200 979 1267 καὶ
1008 1205 1196 1288 προσβολάς
1223 1203 1329 1290 ἀφρά-

184 1310 284 1369 στους
308 1294 444 1376 ἔχοντας
466 1291 621 1379 ἀμηχάνῳ
645 1291 736 1375 τάχει
764 1293 910 1357 διελθὼν
937 1295 1016 1369 τοὺς
1046 1289 1108 1376 μέν
1141 1291 1331 1377 ἐκυκλοῦτο,

146 1436 153 1459 ,
182 1393 254 1458 τοῖς
277 1377 315 1446 ἀὲ
344 1378 550 1466 προσέβαλλε
577 1382 658 1444 κατά
681 1384 785 1465 στόμα
809 1431 816 1444 .
841 1431 849 1444 .
873 1431 879 1445 .
904 1383 939 1446 οί
963 1377 1025 1465 μὲν
1047 1391 1150 1446 ταῦτα
1173 1381 1331 1469 περὶτῆς

183 1470 290 1555 μάχης
313 1469 440 1553 ἐκείνης
467 1467 742 1552 ἀναγγέλλουσιν·
776 1472 811 1534 οί
837 1466 874 1535 δὲ
896 1471 938 1535 οὔ
966 1487 1070 1553 φασιν
1099 1471 1202 1536 αὐτὸν
1226 1470 1263 1536 ἐν
1285 1479 1331 1558 τῷ

184 1563 271 1648 ἔργω
286 1556 459 1642 γενέσθαι,
478 1559 718 1635 συντάττοντος
736 1555 773 1623 δὲ
788 1559 849 1641 τὴν
867 1561 1024 1644 στρατιὰν
1037 1557 1092 1624 καὶ
1112 1560 1330 1643 διακοσμοῦν-

183 1673 241 1725 τος
264 1649 415 1726 ἀψασθαι
439 1649 476 1712 τὸ
504 1649 650 1730 σύνηθες
672 1650 813 1731 νόσημα·
846 1650 905 1714 τὸν
934 1644 970 1712 ἀὲ
999 1648 1103 1725 εὐθὺς
1126 1650 1331 1733 αἰσθόμενον

183 1736 387 1823 ἀρχομένου,
413 1734 495 1820 πρὶν
517 1735 773 1821 ἐκταράττεσθαι
796 1735 851 1802 καὶ
873 1739 1186 1822 καταλαμβάνεσθαι
1208 1738 1330 1803 παντά-

182 1841 287 1894 πασιν
309 1827 373 1891 ὑπὸ
397 1834 458 1890 τοῦ
475 1825 608 1902 πάθους
630 1825 691 1908 τὴν
709 1832 869 1909 αίσθησιν
890 1828 954 1910 ἤδη
973 1825 1163 1910 σειομένην,
1187 1833 1234 1904 είς
1256 1850 1330 1891 τινα

183 1925 252 1981 τῶν
278 1918 423 1998 πλησίον
451 1916 588 2000 πύργων
617 1922 820 1998 κομισθῆναι
850 1914 905 1980 καὶ
936 1917 1109 1998 διαγαγεῖν
1139 1915 1175 1980 έν
1201 1916 1330 2002 ἡσυχία.

188 2009 265 2070 Τῶν
288 2001 326 2070 ἀὲ
343 2007 559 2088 πεφευγότων
583 2002 618 2068 ἐκ
640 2012 699 2086 τῆς
721 2004 825 2088 μάχης
842 2006 1012 2070 ὑπατικῶν
1030 2004 1085 2070 καὶ
1104 2017 1331 2090 στρατηγικῶν

185 2093 321 2180 ἀνδρῶν
344 2094 380 2158 οί
400 2089 461 2178 μέν
485 2090 622 2169 ἑαυτοὺς
651 2092 850 2180 διέφθειραν
873 2093 1099 2178 ἁλισκόμενοι,
1128 2097 1271 2180 συχνοὺς
1294 2089 1332 2158 δέ

185 2187 316 2268 Καίσαρ
354 2185 498 2247 ἔκτεινεν
535 2181 684 2258 ἁλόντας.
743 2181 833 2248 Haec
874 2183 915 2248 ad
953 2182 1125 2248 Caesarem
1162 2183 1330 2248 referenda

184 2277 359 2358 propterea
392 2271 477 2356 quod
509 2270 679 2354 Appianas
713 2293 840 2358 quoque
868 2272 899 2336 b.
923 2273 983 2339 civ.
1005 2275 1036 2357 2,
1063 2274 1125 2338 101
1157 2271 1330 2338 Caesarem

185 2362 301 2426 morbo
325 2360 482 2426 comitiali
501 2357 673 2445 (ἐπιληψία
691 2359 746 2425 καί
765 2360 927 2448 σπασμός)
947 2365 1099 2427 vexatum
1119 2383 1189 2427 esse
1210 2362 1331 2445 scribit,

186 2473 385 2536 quamquam
412 2449 579 2515 Plutarchi
608 2449 753 2515 narratio
784 2451 967 2535 obscurior,
998 2451 1116 2536 quippe
1148 2451 1204 2534 qui
1234 2449 1330 2515 initio

185 2539 305 2624 capitis
329 2538 368 2604 de
392 2536 542 2624 Scipione
566 2539 690 2603 dixerit.

274 2628 452 2694 Maximam
481 2651 500 2693 a
529 2628 689 2692 militibus
717 2627 920 2693 Caesarianis
949 2629 1069 2693 editam
1100 2647 1171 2692 esse
1200 2627 1330 2693 caedem

185 2741 283 2783 nemo
302 2717 447 2803 negavit3
465 2716 610 2803 Orosius,
628 2739 723 2801 quem
741 2716 828 2782 Livii
841 2716 978 2803 vestigia
997 2718 1154 2802 pressisse
1174 2720 1331 2801 statuunt,

189 2809 219 2892 6,
242 2809 292 2891 16,
311 2808 331 2872 3
355 2806 548 2872 ‘maximam
567 2806 736 2871 hominum
755 2806 1013 2872 multitudinem'
1037 2806 1241 2872 interfectam
1261 2829 1331 2872 esse

189 2899 362 2982 memorat3
395 2895 589 2962 Plutarchus
617 2917 642 2960 o.
663 2895 718 2961 53:
751 2899 1049 2982 πεντακισμυρίους
1075 2906 1143 2962 τῶν
1166 2900 1332 2982 πολεμίων

188 2985 361 3071 ἀνηρηκὼς
397 2981 476 3051 οὐδὲ
511 2987 716 3068 πεντήκοντα
753 2996 820 3049 τῶν
852 2985 950 3051 ίδίων
985 2984 1158 3072 ἀπέβαλεν.
1218 2985 1330 3070 Neque

187 3080 299 3140 tamen
322 3074 401 3158 fuit,
424 3095 482 3140 cur
500 3071 717 3159 Nipperdoius
740 3095 911 3140 numerum
930 3097 1098 3142 caesorum
1121 3076 1156 3140 in
1179 3075 1330 3141 omnibus

189 3163 354 3230 codicibus
378 3164 408 3228 b.
431 3163 502 3228 afr.
526 3165 579 3248 86,
601 3166 617 3229 1
642 3163 800 3228 traditum
823 3187 862 3228 ex
885 3166 1070 3232 coniectura
1094 3169 1243 3231 mutaret.
1281 3164 1329 3229 Of.

189 3254 299 3318 adnot.
318 3254 359 3318 ad
374 3252 405 3318 h.
419 3254 439 3316 l.
476 3251 592 3317 Eidem
615 3252 805 3338 Plutarcho,
821 3254 884 3338 'qui
907 3255 994 3320 intra
1017 3277 1136 3341 paucas
1159 3254 1257 3320 horas
1282 3254 1333 3317 de-

188 3343 346 3407 bellatum
378 3364 448 3406 esse
480 3341 607 3423 scribit,
646 3342 839 3408 contradicit
871 3341 1040 3427 Appianus
1071 3343 1099 3409 b.
1127 3343 1186 3408 civ.
1215 3346 1249 3426 2,
1273 3343 1330 3407 97:

187 3439 314 3516 μακρᾶς
337 3426 374 3495 dh
400 3428 455 3495 καὶ
479 3429 640 3495 ἐπιπόνου
666 3432 748 3496 κατά
771 3431 878 3495 πάντα
900 3433 940 3496 τά
963 3431 1045 3518 μέρη
1069 3441 1127 3516 τῆς
1150 3433 1254 3516 μάχης
1277 3429 1332 3495 καὶ

186 3523 400 3605 πολυτρόπου
429 3517 609 3604 γενομένης
635 3518 711 3605 περὶ
739 3518 881 3606 ἑσπέραν
908 3523 1003 3606 μόλις
1030 3522 1048 3586 ὁ
1071 3525 1202 3606 Καῖσαρ
1232 3519 1332 3585 ἐνίκα.

277 3609 404 3674 Ducum
434 3607 706 3692 Pompeianorum
736 3609 831 3695 fugas
861 3614 893 3674 et
919 3611 1070 3675 interitus
1098 3611 1196 3696 longe
1220 3610 1331 3675 obscu-

186 3697 275 3764 ravit
299 3721 386 3763 mors
410 3695 544 3763 Catonis
568 3697 781 3763 nobilissima,
824 3698 863 3762 In
888 3721 981 3764 usum
1002 3709 1127 3784 e'orum,
1151 3700 1206 3783 qui
1226 3698 1332 3762 Asinii

185 3788 410 3854 narrationem
430 3809 503 3852 cum
522 3791 703 3853 ceterorum
722 3788 917 3871 scriptorum
932 3789 1076 3854 conferre
1096 3788 1210 3871 velint,
1230 3788 1333 3853 subie-

184 3878 291 3944 cimus
309 3877 417 3942 locum
437 3877 635 3942 uberrimum
654 3876 798 3991 Appiani
822 3878 850 3940 b.
870 3878 929 3942 civ.
950 3879 979 3962 2,
999 3880 1055 3943 98:
1079 3873 1165 3962 Περὶ
1189 3874 1332 3962 ἑσπέραν

184 3963 273 4051 ἀμφὶ
298 3967 421 4051 λουτρά
444 3961 498 4030 καλ
522 3966 659 4030 δεῖπνον
677 3986 732 4048 ην·
763 3968 983 4050 καθεζόμενός
1001 3990 1036 4031 τε
1056 3965 1201 4049 ἐγεύετο,
1225 3968 1334 4051 ὥσπερ

184 4062 333 4137 είθιστο,
363 4053 396 4132 ἐξ
426 4049 467 4119 οὗ
495 4056 670 4138 Πομπήιος
701 4053 858 4140 ἀνῄρητο·
892 4055 992 4122 οὐδέν
1019 4079 1054 4121 τε
1082 4065 1150 4120 τῶν
1173 4056 1334 4138 συνηθῶν

186 4143 417 4226 ἐναλλάσσων,
435 4141 508 4209 οὐδ’
531 4143 657 4209 ἐλάσσω
676 4147 946 4229 προσφερόμενος
964 4144 984 4228 ἢ
1003 4147 1121 4227 πλείω,
1140 4145 1334 4228 συνελεσχή-

186 4255 267 4299 νευε
290 4245 360 4309 τοῖς
383 4242 526 4318 παροῦσι
548 4230 624 4318 περὶ
647 4244 715 4298 τῶν
734 4232 1015 4299 ἐκπεπλευκότων·
1048 4232 1103 4298 καὶ
1126 4233 1236 4318 ἠρώτα
1259 4231 1334 4319 περὶ

186 4331 250 4388 τοῦ
282 4322 484 4406 πνεύματος,
517 4323 548 4386 εί
578 4323 660 4386 κατά
690 4323 847 4407 πρόμναν
880 4323 987 4387 ἔσοιτο
1020 4323 1145 4398 αὐτοῖς·
1187 4320 1242 4387 καὶ
1274 4331 1334 4387 τοῦ

190 4412 431 4495 διαστήματός,
468 4414 499 4476 εί
534 4412 706 4494 φθάσουσι
743 4412 855 4495 πόρρω
892 4408 1066 4495 γενέσθαι,
1106 4409 1187 4496 πρὶν
1223 4410 1257 4488 ἐς
1292 4411 1335 4476 ἕω

193 4502 349 4585 Καίσαρα
373 4499 536 4565 ἐπελθεῖν.
584 4500 634 4564 Οὐ
657 4501 722 4583 μην
746 4497 817 4564 οὐδ’
846 4499 879 4576 ές
901 4500 1009 4566 ὕπνον
1032 4501 1154 4584 ἀπιὼν,
1181 4499 1340 4583 ἐνήλλαξέ
