3292 5132
809 347 1023 405 PRAEFATIO.

478 563 583 652 Epist.
606 564 760 633 Potionis.
1094 561 1222 631 Bellum
1244 564 1316 631 Afr.

345 691 398 773 10,
418 691 471 774 31,
493 692 509 755 1
534 693 789 776 posteaquam
817 690 898 755 itum
928 691 979 773 87,
994 690 1015 753 6
1033 694 1286 774 posteaquam
1300 693 1492 756 castranon

386 782 443 844 est.
483 779 559 844 ibid.
578 783 790 864 posteaquam
809 779 898 844 navi·
971 781 1148 861 potuerunt
1170 778 1278 862 potiri.

386 867 455 954 gari
474 872 624 953 coeptum
643 873 700 935 est

342 962 482 1022 nactus
511 958 763 1023 occasionem.
799 956 900 1024 Prisc.
928 957 1023 1040 28,1.
1043 955 1491 1040 625111111110111111-

388 1048 442 1130 10,
461 1070 491 1130 p.
511 1046 585 1132 513,
604 1046 680 1112 6Η.
971 1067 1062 1110 nem.

341 1135 594 1218 cupidissime
621 1135 761 1201 scribam
791 1136 830 1200 ad
858 1139 899 1200 te.
928 1133 1011 1218 35,4
1031 1133 1283 1216 cupidissime
1298 1134 1339 1198 ad
1353 1139 1385 1199 te
1400 1137 1490 1200 veni-

389 1223 480 1292 Asin.
511 1247 560 1310 ap.
585 1223 658 1290 Sen.
683 1247 766 1290 suas.
804 1224 900 1309 6,15
973 1245 1053 1287 mus.
1085 1223 1182 1306 90,2
1206 1223 1344 1288 libentes
1367 1226 1490 1308 cupidi·

386 1313 564 1398 orationes,
588 1335 669 1398 quas
693 1313 900 1399 cupidissime
974 1333 1035 1396 que
1046 1311 1267 1376 condicionem
1283 1317 1489 1397 acceperunt.

386 1402 551 1467 effuderat.
677 1420 682 1426 ·

341 1491 547 1576 cupidissime
571 1497 604 1557 et
627 1493 828 1559 creberrime.
929 1489 977 1553 De
1001 1489 1234 1554 allitteratione
1258 1489 1297 1556 cf.
1321 1491 1361 1555 ad
1384 1492 1413 1574 2,
1432 1490 1465 1555 5.

347 1581 403 1664 10,
432 1581 488 1664 31,
517 1581 538 1644 2
567 1580 643 1664 quia
674 1582 901 1666 utrubique
929 1579 1023 1663 93,1
1056 1579 1131 1642 dum
1163 1578 1243 1645 haee
1276 1580 1490 1664 utrobique

388 1690 525 1754 magnos
544 1669 692 1735 inimicos
711 1670 883 1737 habebam.
974 1671 1139 1751 geruntur.

348 1757 398 1840 10,
409 1758 492 1838 31‚4
506 1757 901 1841 perferrilitteraeuulla
930 1757 984 1841 19,
1007 1757 1024 1820 1
1048 1757 1158 1821 nulla
1181 1757 1409 1822 condicione
1432 1779 1490 1822 co-

387 1845 612 1911 condicione
631 1851 816 1931 potuerunt.
972 1867 1048 1930 gere
1073 1845 1273 1912 adversarios
1296 1849 1432 1929 poterat.

971 1932 1077 2020 (Caes.
1101 1934 1190 2000 nullo
1214 1931 1334 2021 modo.)

344 2025 395 2105 10,
414 2024 506 2108 31‚5
533 2024 616 2089 illud
640 2047 690 2089 me
719 2048 786 2109 pro
815 2049 900 2092 con·
930 2025 985 2107 19,
1013 2024 1033 2088 3
1062 2022 1242 2088 Labienum
1269 2023 1388 2089 dixisse
1415 2047 1489 2108 pro

387 2112 493 2177 tione
509 2112 634 2178 dixisse.
657 2112 750 2179 Asin.
766 2138 815 2200 ap.
827 2113 899 2181 Son.
972 2111 1162 2178 contione.
1178 2110 1491 2199 (01101111111011-

387 2222 472 2265 suas.
501 2201 662 2286 6‚15pro
681 2204 833 2269 contione
852 2227 899 2269 re·
972 2197 1083 2288 tione.)

387 2289 496 2355 citare.

348 2379 900 2466 10‚31,6nu11umvestigium
930 2380 1029 2464 13,3
1061 2378 1204 2442 hostium
1235 2381 1345 2464 copias
1377 2381 1418 2445 ab
1450 2403 1489 2446 sa

387 2468 445 2532 abs
469 2470 501 2533 te
521 2469 764 2536 discessurus
789 2492 868 2536 sum.
973 2467 1102 2552 suisque
1125 2464 1280 2553 (suosque
1307 2467 1382 2554 PU,
1411 2492 1488 2535 sno—

973 2578 1034 2640 qne
1052 2553 1096 2642 R)
1119 2557 1289 2642 vestigio
1311 2579 1387 2623 non
1410 2559 1489 2623 dis-

973 2667 1158 2712 cessuras.

343 2735 433 2820 quia
456 2735 559 2800 video.
596 2737 654 2819 32,
677 2736 707 2803 3.
737 2736 789 2820 33,
808 2737 838 2802 5.
930 2736 1020 2820 71‚2
1040 2734 1130 2819 quia
1149 2735 1273 2818 equites
1293 2736 1489 2804 deterrebat.

968 2822 1487 2913 (Caeaparticulanonnsusest.)

343 2933 424 2997 quae
451 2911 624 2996 reciperari
652 2913 759 2978 nullo
783 2935 900 3000 nego·
931 2914 985 2997 18,
1007 2913 1028 2978 5
1055 2912 1165 2977 nullo
1188 2915 1348 2998 negotio
1371 2915 1488 3000 pulsis.

348 3071 351 3076 ,
388 3001 443 3066 tio
467 3002 604 3086 possint.
973 3003 1024 3087 69,
1040 3003 1068 3066 3.
1097 2999 1341 3086 (Caesarfacile
1358 3005 1487 3090 pellere,

972 3091 1141 3174 repellere,
1161 3090 1329 3157 defendere
1348 3091 1421 3175 etc.)

344 3180 394 3262 10,
409 3179 461 3262 32,
479 3181 493 3243 1
512 3179 622 3244 duxit
636 3201 674 3244 se
690 3180 730 3245 ab
746 3179 898 3248 Gadibus.
928 3182 979 3265 93,
1001 3182 1018 3244 1
1044 3202 1081 3244 se
1105 3179 1190 3244 clam
1214 3181 1393 3246 subducit.
1486 3232 1488 3240 .

343 3266 471 3332 traiecit
495 3289 564 3332 sese
588 3269 622 3333 in
644 3289 803 3354 regnum
829 3269 900 3336 Bo·
928 3271 1022 3354 23,1
1052 3289 1211 3354 regnum
1233 3267 1406 3354 Bogudis
1429 3267 1501 3355 fest-

388 3356 508 3442 gudis.
971 3358 1143 3442 ingressus.

342 3445 549 3532 renuntiavit,
560 3469 640 3530 quos
656 3448 685 3512 ei
696 3447 819 3513 visum
834 3453 899 3513 est.
927 3448 1008 3532 25,1
1029 3469 1094 3512 non
1109 3449 1169 3510 est
1183 3447 1306 3511 visum
1321 3446 1395 3512 dare
1410 3470 1483 3531 spa-

972 3537 1054 3600 tium
1073 3535 1325 3601 convalescendi.

345 3625 395 3708 10,
415 3624 506 3709 32,2
530 3625 750 3690 trucidatus
774 3629 832 3691 est.
927 3623 1484 3778 26Ἆ5111111ρ11,1111111111ηοῖ-

998 3736 1062 3778 111.
1096 3735 1484 3799 απ.ερ.11110111111111.

972 3801 1063 3868 Caes,

343 3891 394 3975 10,
408 3890 496 3974 32,3
516 3891 665 3976 equites
684 3890 846 3956 immisit
865 3893 899 3958 in
929 3892 1014 3977 18,5
1036 3890 1207 3956 inmittit
1229 3895 1363 3957 turmas.
1398 3893 1481 3977 78,·7

386 3979 578 4063 populum.
971 3982 1106 4046 alteram
1127 3981 1213 4045 alam
1232 3981 1377 4047 inmittit.

342 4070 562 4155 depugnare
586 4064 639 4156 (de
658 4067 862 4160 gladiatore).
927 4071 1146 4155 depugnare
1171 4071 1199 4151 7,
1214 4070 1244 4135 6.
1267 4071 1364 4156 29,1.
1386 4070 1439 4156 45,
1453 4072 1483 4136 3.

971 4161 1022 4245 94,
1039 4161 1068 4226 1.
1087 4157 1135 4244 (in
1149 4157 1240 4224 Caes.
1255 4181 1368 4225 comm.
1384 4160 1483 4224 semel

341 4335 589 4400 notissimum
612 4337 786 4403 hominem.
926 4300 1018 4423 56,’2
1042 4249 1246 4402 industriores
1266 4336 1484 4402 notissimi-

972 4447 1033 4511 que
1057 4423 1110 4513 0)·
