3312 5130
310 299 375 364 146
784 293 978 350 APPENDIX.

309 485 374 527 uno
408 461 488 525 belli
519 459 638 524 Gallici
670 459 755 542 loco,
787 458 821 541 5,
843 460 875 541 1,
897 459 933 542 2,
965 478 1060 541 quem
1088 447 1233 520 laudavit
1265 455 1453 520 Priscianus

309 551 411 614 instit.
447 552 480 633 7,
515 549 569 632 75,
608 547 813 634 grammatici
851 547 1000 630 cognitos
1036 545 1236 627 habuerunt3
1273 543 1452 609 Frontinus

312 643 435 724 autem,
463 639 518 722 qui
547 660 584 701 ex
613 635 855 702 commentariis
884 635 961 699 belli
990 633 1109 699 Gallici
1138 638 1171 697 et
1198 633 1305 698 civilis
1328 633 1454 718 aliquot

310 728 449 814 protulit
482 730 731 811 strategemata,
768 725 851 790 nihil
889 746 1026 807 nsquam
1064 722 1264 807 deprompsit
1296 744 1333 787 ex
1366 723 1453 786 bello

309 816 423 882 Africo
448 821 480 880 et
503 815 725 900 Hispaniensi.

399 906 449 972 Eo
465 904 571 990 magis
587 924 740 988 quaerere
758 903 862 986 iuvat,
881 902 1013 986 quinam
1032 902 1206 986 scriptores
1225 899 1333 965 Asinii
1350 901 1454 965 histo-

311 997 367 1060 riis
392 996 442 1059 usi
466 994 540 1059 sint.
583 991 654 1068 Qua
677 994 715 1057 de
739 1015 773 1056 re
793 995 914 1056 certum
932 990 1074 1055 fortasse
1098 989 1251 1054 iudicium
1273 1011 1454 1074 proponere

311 1086 436 1168 liceret,
461 1083 489 1147 si
507 1082 718 1166 Plutarchus,
743 1082 926 1166 Appianas,
944 1079 1007 1144 Dio
1029 1078 1160 1144 Cassius
1179 1078 1213 1142 in
1232 1101 1296 1144 uno
1317 1080 1454 1164 quisque

311 1174 401 1239 fonte
430 1171 575 1237 adeundo
604 1171 856 1255 acquievissent,
890 1168 976 1253 quod
1004 1168 1082 1232 olim
1114 1167 1248 1232 luerunt
1275 1169 1331 1252 qui
1359 1169 1453 1252 quasi

312 1265 385 1348 lege
422 1284 529 1325 rerum
567 1260 780 1344 scriptoribus
822 1259 1037 1324 constitutum
1074 1256 1174 1321 fuisse
1213 1257 1453 1321 contenderent.

311 1350 434 1416 Verum
458 1351 495 1433 ii,
523 1350 605 1432 apud
635 1371 715 1433 quos
743 1347 851 1412 Asinii
873 1369 992 1412 nornen
1015 1347 1137 1431 legitur
1161 1343 1262 1430 (Plut.
1288 1344 1377 1410 Caes
1401 1347 1454 1410 52.

313 1442 452 1524 Appian.
475 1440 506 1503 b.
527 1439 586 1503 civ.
605 1440 635 1521 2,
655 1435 727 1524 82),
749 1438 797 1502 ita
821 1438 905 1500 inter
929 1458 963 1500 se
986 1435 1021 1498 in
1044 1435 1117 1499 aliis
1136 1435 1304 1519 dissident,
1326 1435 1360 1498 in
1380 1434 1454 1498 aliis

312 1528 519 1611 concordant,
532 1531 570 1592 ut
580 1531 752 1611 utrumque
766 1529 896 1610 praeter
905 1524 1057 1589 Asinium
1072 1524 1153 1588 alios
1169 1545 1296 1610 quoque
1307 1526 1455 1588 auctores

311 1620 345 1682 in
369 1640 463 1682 usum
487 1638 620 1682 vocasse
643 1616 731 1680 ultro
756 1619 921 1700 appareat.
966 1613 1052 1678 Nam
1080 1613 1118 1677 de
1147 1613 1238 1678 clade
1265 1611 1456 1678 Pharsalica

312 1707 455 1772 referens
479 1703 681 1790 Appianas
704 1704 895 1789 provocavit
915 1703 1043 1788 quidem
1062 1703 1104 1767 ad
1122 1701 1273 1767 Asinium
1298 1698 1456 1790 (Ἀσίνιος
1551 1732 1554 1740 ·

312 1793 349 1860 δὲ
387 1798 544 1860 Πολλίων
580 1793 645 1860 ὑπὸ
682 1795 827 1879 Καίσαρι
863 1800 920 1876 τῆς
957 1791 1061 1876 μάχης
1097 1789 1224 1874 ἐκείνης
1260 1801 1455 1877 στρατηγῶν

312 1885 550 1969 ἑξακισχιλίους
578 1883 764 1967 ἀναγράφει
791 1885 929 1968 νεκροὺς
953 1881 1133 1964 εὑρεθῆναι
1161 1891 1229 1945 τῶν
1252 1879 1457 1966 Πομπηίου),

311 1974 397 2038 idem
421 1996 497 2038 vero
521 1975 556 2036 in
579 1971 689 2036 cadem
713 1995 748 2036 re
772 1971 911 2037 aliorum
934 1992 1061 2056 quoquc
1086 1974 1215 2034 secutus
1244 1973 1294 2034 est
1317 1970 1455 2035 auctori·

312 2067 415 2127 tatem
445 2060 504 2148 (ὡς
532 2059 654 2144 ἑτέροις
683 2062 777 2126 δοκεῖ
798 2099 839 2108 -
865 2060 900 2125 ολ
925 2055 985 2144 μὲν
1014 2057 1204 2144 ἐπαίροντές
1232 2073 1314 2144 φασι
1338 2060 1456 2142 δισμυ-

313 2155 407 2235 ρίους
430 2148 483 2215 aa
506 2149 805 2236 πεντακισχιλίοις).
848 2149 928 2215 Oum
949 2151 1057 2213 autem
1081 2152 1206 2213 veteres
1229 2170 1338 2212 rerum
1358 2148 1457 2231 scrip-

313 2245 401 2306 tores
425 2241 458 2305 in
482 2240 651 2304 laudandis
676 2243 846 2304 auctorum
873 2238 1058 2304 nominibus
1082 2237 1245 2321 parciores
1269 2238 1336 2302 sint
1359 2259 1456 2322 quam

312 2333 492 2414 nostrates,
530 2331 694 2413 testesque
727 2329 915 2413 plerumque
948 2327 1101 2411 afferant,
1132 2325 1190 2391 ubi
1218 2326 1259 2390 ab
1287 2326 1341 2411 iis,
1373 2348 1457 2410 qnae

312 2420 527 2504 plurimorum
557 2440 714 2483 consensu
742 2419 873 2482 firmata
901 2421 990 2501 sunt,
1018 2416 1184 2499 recedunt,
1211 2415 1264 2480 hic
1292 2415 1382 2480 locus
1410 2417 1457 2480 ita

313 2509 424 2594 potius
457 2512 506 2572 est
537 2506 815 2592 interpretandus,
846 2510 883 2570 ut
915 2507 1102 2590 Appianum
1134 2505 1168 2568 in
1200 2526 1234 2568 re
1266 2508 1335 2568 tam
1363 2505 1457 2590 gravi

312 2603 445 2682 praeter
474 2597 738 2664 consuetudinem
766 2594 875 2660 Asinii
902 2595 1057 2660 historias
1082 2593 1239 2659 evolvisse
1263 2598 1456 2659 statuamus.

313 2687 479 2771 Ceterum,
509 2691 546 2750 ut
577 2686 617 2749 ad
645 2685 767 2749 bellum
790 2683 936 2750 Africum
966 2684 1146 2769 redeamus,
1177 2683 1256 2747 adeo
1283 2705 1349 2747 non
1373 2683 1457 2748 favit

314 2777 482 2861 Appianus
514 2774 660 2857 Caesari,
690 2779 726 2838 ut
757 2797 830 2838 eum
860 2775 894 2838 in
920 2774 982 2838 hac
1009 2777 1103 2857 parte
1132 2772 1238 2837 Asinii
1262 2774 1456 2837 auctoritate

313 2866 410 2928 inniti
433 2864 487 2928 vix
516 2864 641 2948 credas,
670 2864 895 2947 nequeenim,
927 2863 983 2947 qui
1011 2862 1045 2925 in
1073 2861 1305 2927 commentario
1333 2861 1456 2946 passim

313 2953 465 3018 laudibus
495 2952 667 3016 extulisset
694 2951 843 3032 Caesaris
872 2951 1077 3017 clementiam
1106 2949 1151 3037 (h.
1174 2949 1243 3014 Afr.
1269 2951 1326 3035 89,
1348 2951 1378 3016 5.
1415 2952 1456 3014 ad

312 3043 364 3125 92,
387 3043 423 3126 4)
453 3042 488 3105 in
515 3041 664 3105 historiis
693 3042 761 3125 eius
790 3042 961 3107 saevitiam
990 3045 1022 3105 et
1050 3040 1276 3105 crudelitatem
1304 3062 1455 3134 accqsare

312 3134 445 3215 poterat
480 3127 633 3216 (Appian.
666 3132 700 3214 2,
725 3132 789 3196 100
820 3141 887 3195 τῶν
919 3127 955 3195 db
987 3132 1201 3215 reconcedere,
1235 3127 1335 3206 ὅσους
1367 3123 1454 3213 εὗρε,

313 3217 501 3305 διέφθειρε,
526 3219 598 3284 coll.
621 3220 651 3283 b.
675 3217 745 3284 Afr,
768 3218 889 3305 90,1):
917 3223 950 3283 et
974 3219 1029 3303 qui
1058 3220 1140 3303 apud
1164 3218 1346 3302 Ruspinam
1370 3219 1456 3284 anci-

312 3309 374 3393 piti
393 3309 499 3373 Marte
518 3313 698 3393 pugnaturn
719 3331 802 3393 esse,
826 3309 910 3393 apud
930 3309 1096 3392 Thapsum
1115 3308 1201 3372 intra
1218 3329 1339 3391 paucas
1357 3307 1456 3372 horas

314 3398 485 3463 Caesarem
504 3396 594 3461 facili
612 3397 754 3482 potitum
774 3420 844 3462 esse
863 3397 1000 3462 victoria
1019 3397 1215 3481 scripsisset,
1237 3419 1303 3460 non
1326 3401 1456 3482 poterat

313 3493 430 3572 postea
458 3489 491 3552 in
519 3486 667 3551 historiis
695 3488 734 3551 de
758 3487 895 3552 victoria
922 3485 1059 3551 Labieni
1082 3487 1221 3572 fugaque
1246 3484 1456 3551 Caesariano·

314 3600 386 3642 rum
410 3577 460 3660 (2,
483 3575 527 3640 95
557 3575 719 3662 ἐκράτουν
741 3587 808 3642 τῶν
832 3579 1000 3664 Καίσαρος
1023 3575 1111 3662 παρὰ
1134 3577 1218 3640 πολὺ
1241 3572 1296 3639 καί
1318 3573 1456 3661 τραπέν-

313 3689 371 3742 τας
404 3664 545 3732 ἐδίωκον
578 3668 728 3754 σοβαρῶς
760 3667 841 3750 μετὰ
872 3661 1164 3752 καταφρονήσεως)
1198 3665 1251 3729 vel
1280 3663 1318 3728 de
1346 3687 1457 3749 pugna

313 3755 399 3838 apud
423 3754 589 3840 Thapsum
613 3777 715 3841 usque
739 3756 778 3820 ad
801 3759 932 3821 noctem
954 3755 1112 3840 producta
1136 3753 1180 3839 (2,
1199 3755 1241 3818 97
1265 3749 1341 3838 περὶ
1364 3751 1457 3818 ἑστί-

313 3868 376 3927 ραν
395 3845 490 3927 μόλις
513 3841 531 3907 ὁ
551 3847 681 3930 Καίσαρ
701 3841 806 3932 ἐνίκα)
827 3844 954 3910 referre.
991 3843 1107 3928 Itaque
1122 3865 1159 3908 eo
1175 3842 1284 3906 omnia
1298 3847 1457 3926 spectant,

313 3938 350 3998 ut
373 3933 459 4018 apud
485 3934 670 4016 Appianum
697 3935 788 3997 nulla
816 3956 949 4018 prorsus
974 3933 1081 3999 Asinii
1103 3954 1206 4016 neque
1231 3931 1456 3997 commentarii

312 4045 414 4106 neque
433 4021 644 4088 historiarum
664 4023 802 4110 vestigia
825 4023 960 4108 reperiri
978 4044 1075 4108 posse
1093 4021 1342 4087 asseverandum
1367 4018 1456 4106 sit.*)

313 4109 381 4177 Nec
400 4112 670 4196 praetereundum
685 4111 873 4197 Appianum
891 4135 957 4177 non
972 4113 1077 4178 solum
1096 4134 1147 4177 res
1166 4112 1201 4176 in
1213 4108 1326 4175 Africa
1345 4113 1456 4194 gestas

311 4257 524 4264 —--.—---..·..—-..

401 4328 427 4393 *)
447 4324 620 4380 Contrariam
641 4326 767 4395 sequitur
786 4325 956 4380 sententiam
976 4324 1087 4394 Ranke,
1112 4322 1351 4392 Weltgeschichte
1370 4318 1409 4376 ΙΙΙ
1429 4326 1455 4380 2.

312 4396 448 4450 Analecta
467 4401 518 4450 226
529 4414 588 4465 sqq.
