3292 5132
317 375 357 436 18
718 368 867 426 BELLUM
885 367 1057 426 nealcen.

316 535 466 600 existimo
491 557 525 598 se
547 534 720 619 recepisse,
743 538 780 598 ut
804 534 978 599 marituma
1002 533 1121 618 oppida
1143 536 1219 617 post
1237 556 1271 598 se
1294 557 1334 598 ne
1359 557 1461 600 vacua

316 624 512 708 relinqueret
535 623 760 708 praesidioque
783 623 913 688 firmata
936 623 1032 688 classi
1055 624 1260 707 receptacula
1283 625 1432 689 muniret.

282 735 296 780 1
408 711 465 777 10.
502 713 617 796 Itaque
649 711 695 776 ibi
729 713 842 777 relicto
871 712 905 777 P.
934 711 1085 795 Saserna,
1117 711 1218 776 fratre
1247 711 1331 797 eius,
1364 735 1461 797 quern

316 802 411 887 Lepti
435 802 583 887 proximo
608 801 727 885 oppido
747 801 933 886 reliquerat,
957 823 1029 865 eum
1052 799 1193 884 legione,
1216 800 1308 865 iubet
1326 824 1463 886 conpor-

317 891 381 956 tari
395 891 487 974 ligna
500 890 535 954 in
554 890 707 974 oppidum
723 912 820 973 quam
840 891 995 974 plurima3
1017 889 1088 973 ipse
1108 911 1180 953 cum
1200 889 1389 955 cohortibus
1404 910 1463 972 vii,

317 1001 400 1064 quae
420 1002 458 1044 ex
473 981 634 1045 veteranis
654 979 836 1064 legionibus
856 979 890 1042 in
910 979 1013 1043 classe
1034 1000 1106 1042 cum
1122 977 1264 1063 Sulpicio
1281 983 1313 1042 et
1328 980 1463 1044 Vatinio

317 1091 385 1134 rem
410 1072 592 1154 gesserant,
621 1090 659 1132 ex
688 1068 806 1152 oppido
836 1068 984 1151 Ruspina
1012 1089 1161 1150 egressus
1183 1067 1400 1151 proficiscitur
1422 1069 1465 1133 ad

316 1160 462 1242 portum,
486 1156 543 1241 qui
566 1157 660 1222 abest
679 1158 720 1222 ab
741 1156 860 1241 oppido
880 1156 971 1221 milia
993 1180 1079 1240 pa.
1098 1157 1175 1238 duo,
1197 1156 1307 1239 ibique
1325 1159 1464 1223 classem

408 1387 489 1440 1*se
506 1382 645 1455 recepisse]
671 1383 806 1452 recepisse
828 1383 865 1450 O;
891 1383 1029 1453 recepisse
1049 1400 1079 1437 se
1100 1383 1204 1438 Gemoll
1225 1387 1235 1451 l
1257 1384 1398 1439 maritima
1418 1385 1464 1458 0))

318 1456 472 1528 2*1111111]
492 1455 528 1509 ad
548 1452 630 1508 classi
649 1453 723 1519 AU,·
742 1454 778 1507 ad
797 1455 909 1509 classim
928 1454 998 1522 LP;
1017 1455 1054 1509 ad
1074 1456 1191 1509 classem
1216 1455 1243 1510 V
1263 1456 1272 1524 l
1300 1461 1316 1508 3
1336 1473 1464 1510 serserna

317 1530 362 1594 A;
382 1544 493 1582 sesama
511 1525 669 1579 LPUFV
689 1527 699 1592 l
720 1524 802 1578 fratri
820 1526 849 1579 A
873 1529 883 1594 l
911 1525 982 1596 eius]
1001 1543 1052 1580 sao
1072 1527 1129 1596 1))
1157 1527 1291 1596 cleptim
1313 1527 1335 1580 O
1357 1529 1367 1597 Ι)
1389 1532 1405 1581 8
1425 1528 1462 1582 11)

317 1617 368 1656 om.
387 1601 414 1654 A
437 1599 447 1668 1
468 1599 543 1668 ρ1εἶ.
561 1596 719 1651 ALPUF

409 1783 469 1831 ise
495 1775 636 1846 recepisse]
664 1775 851 1829 necessarium
879 1791 939 1830 esse
968 1791 1120 1844 pronomen
1144 1774 1306 1831 reflexivum
1329 1774 1463 1845 probabit

318 1849 401 1905 index
425 1848 585 1913 verborum,
608 1847 707 1915 vulgo:
731 1847 800 1900 haec
822 1845 895 1916 (scil.
920 1845 1091 1900 frumentum
1117 1848 1146 1901 et
1171 1847 1291 1916 plostra)
1315 1847 1462 1916 recepisse,

318 1920 394 1989 quod
416 1919 479 1974 ideo
503 1933 677 1988 perversum,
701 1917 767 1986 quia
790 1919 957 1987 plostrorum
981 1918 1133 1972 multitudo
1156 1934 1212 1972 non
1239 1917 1371 1987 praesidii
1399 1919 1463 1974 loco

318 2009 378 2046 esse
403 1992 520 2060 poterat.
559 1987 651 2042 Simili
674 1989 757 2042 modo
780 2006 809 2042 se
833 1988 937 2043 excidit
963 1991 1028 2044 anto
1055 1989 1168 2043 reficere
1196 1995 1244 2058 34,
1268 1996 1296 2056 6,
1326 1988 1401 2057 quod
1429 2007 1464 2044 ex

319 2060 504 2117 similitudine
518 2061 675 2114 litterarum
689 2079 703 2113 r
722 2062 751 2113 et
769 2059 783 2112 f
798 2059 1011 2130 1111111111-
1030 2066 1062 2114 ut
1072 2104 1078 2115 .
1090 2103 1096 2115 .
1106 2061 1151 2130 ae]
1168 2060 1320 2114 admodum
1333 2063 1464 2127 frequens

319 2136 394 2202 apud
409 2132 558 2202 scriptores
573 2131 687 2199 priscos,
702 2129 830 2197 Ennium,
851 2132 989 2198 Plautum,
1004 2129 1174 2199 Terentium,
1189 2130 1351 2198 Varronem,
1365 2148 1465 2199 quam·

319 2221 403 2274 quam
426 2220 461 2256 ne
490 2202 652 2257 Ciceronem
680 2201 793 2270 quidem
822 2203 972 2256 formulam
1005 2201 1086 2256 anxie
1115 2201 1221 2272 fugisse
1253 2205 1370 2256 constat.
1421 2200 1463 2258 Cf.

320 2277 399 2330 Gust.
414 2274 559 2344 Landgraf
576 2276 611 2327 ad
627 2271 683 2327 Cic.
699 2289 738 2326 or.
753 2290 803 2341 pro
824 2274 923 2327 Roscio
938 2274 1028 2327 Amer.
1049 2279 1092 2338 20,
1106 2279 1140 2327 66
1163 2290 1227 2342 pag.
1243 2279 1304 2328 241,
1332 2272 1408 2328 Caes.
1423 2275 1463 2328 lll

320 2352 402 2414 66,1.
427 2345 520 2400 Livius
535 2352 578 2413 34,
595 2348 636 2410 ll,
652 2351 676 2398 8.
698 2376 728 2384 -
749 2345 849 2414 uacua]
870 2361 887 2397 a
906 2343 1097 2398 defensoribus
1115 2346 1174 2414 (62,
1188 2352 1213 2399 4.
1229 2347 1256 2412 ὃ)
1275 2344 1333 2411 vel,
1352 2347 1384 2398 ut
1402 2345 1465 2414 ipse

319 2417 433 2472 Asinius
453 2417 588 2485 explieat,
614 2414 755 2483 praesidio
779 2415 897 2470 firmata.
932 2445 964 2456 -
998 2420 1013 2468 2
1037 2415 1131 2486 classi]
1156 2415 1212 2469 Cic.
1232 2416 1309 2471 Verr.
1330 2421 1354 2484 2,
1374 2421 1391 2468 3
1409 2414 1466 2470 nisi

320 2489 528 2559 receptaculum
549 2485 686 2542 classibus
705 2487 828 2555 pateret;
847 2485 943 2541 Livius
962 2491 1004 2554 41,
1019 2493 1093 2555 23,2
1112 2486 1284 2556 fugientibus
1303 2503 1357 2542 rec.
1372 2486 1465 2542 Mace·

319 2561 412 2617 donia.
450 2560 519 2614 Cum
547 2564 642 2614 autem
667 2557 779 2614 dativus
805 2558 920 2612 ‘classi'
946 2560 1113 2626 congrueret
1135 2575 1198 2612 cum
1221 2557 1340 2612 ablativi
1364 2558 1464 2626 forma,

320 2651 403 2701 quam
423 2632 613 2700 probaverant
632 2629 741 2684 Coelius
760 2629 910 2698 Antipater
928 2630 957 2683 et
971 2629 1100 2696 Sisenna,
1120 2629 1321 2698 grammaticus
1340 2630 1463 2698 quidam,

320 2704 369 2772 qui
386 2704 415 2756 in
435 2719 561 2756 sermone
576 2700 687 2769 vulgari
705 2701 941 2769 praepositionem
956 2701 992 2754 ad
1006 2699 1103 2755 dativo
1122 2698 1256 2755 substitui
1270 2717 1351 2769 posse
1369 2701 1465 2768 sciret,

321 2774 481 2843 explicandi
500 2791 584 2827 causa
605 2773 656 2827 ‘ad
677 2771 804 2826 classim'
827 2770 1056 2840 suprascripsisse
1075 2772 1193 2827 videtur.
1227 2771 1357 2826 Ceterum
1371 2772 1465 2840 ipsum

320 2844 449 2899 Asinium
469 2843 613 2912 scripsisse
634 2843 686 2897 ‘ad
705 2841 833 2896 classim’
854 2859 909 2897 non
928 2859 1041 2912 prorsus
1060 2841 1225 2898 incredibile
1244 2845 1300 2909 est;
1329 2843 1364 2898 cf.
1384 2843 1464 2898 Caes.

322 2923 347 2982 7,
365 2921 400 2970 85
420 2915 545 2983 utrisque
571 2915 608 2969 ad
633 2914 757 2968 animum
782 2915 911 2969 occurrit.
948 2913 1086 2968 Publilius
1113 2915 1197 2982 Syrus
1222 2919 1272 2968 192
1296 2913 1410 2969 fortuna
1427 2916 1465 2968 ad

320 2986 461 3041 hominem
481 2986 648 3055 plusquam
668 2985 815 3039 consilium
833 2987 917 3040 valet.
955 2984 1025 3040 Vitr.
1045 2992 1070 3051 4,
1091 2991 1114 3052 1,
1135 2992 1150 3039 6
1175 2985 1211 3038 ad
1229 3002 1299 3039 onus
1318 2985 1465 3040 ferendum

322 3060 414 3114 essent
432 3057 561 3122 idoneam
590 3063 616 3122 6,
632 3064 655 3125 1,
671 3062 686 3110 6
706 3057 743 3109 ad
762 3056 915 3124 parandam
934 3056 1082 3125 pecuniam
1096 3056 1161 3110 dedi
1176 3054 1313 3121 studium
1334 3061 1374 3126 10,
1390 3063 1414 3125 2,
1431 3063 1465 3111 14

322 3130 357 3184 ad
381 3129 544 3183 solvendum
568 3144 623 3181 non
647 3145 715 3183 esse.
758 3127 812 3182 Sed
835 3127 877 3182 111
900 3127 1028 3182 codicum
1053 3128 1222 3182 auctoritate
1244 3129 1377 3182 utendam
1404 3145 1465 3182 esso

321 3199 484 3266 videbatur,
508 3216 564 3252 non
587 3203 617 3253 ut
640 3199 767 3253 Asinium
789 3199 864 3253 iusto
883 3198 1069 3254 sordidiorem
1088 3199 1279 3264 redderemus,
1303 3200 1351 3254 sed
1370 3205 1403 3254 ut
1421 3199 1465 3254 sui

322 3270 494 3324 similiorem.
511 3303 542 3310 -
558 3272 687 3341 muniret]
704 3268 797 3339 Digna
811 3272 866 3338 est,
882 3288 953 3338 quae
968 3271 1127 3338 legentibus
1142 3277 1326 3338 proponatur,
1342 3269 1466 3324 Novakii

322 3341 495 3397 coniectura:
510 3341 639 3409 haberet;
659 3342 768 3396 scilicet
782 3358 844 3394 cum
858 3345 1058 3410 grammaticus
1068 3341 1182 3410 quidam
1199 3341 1321 3395 ‘firmata
1334 3340 1462 3396 haberet’

323 3431 377 3468 uno
395 3413 538 3467 muniendi
553 3415 638 3468 verbo
653 3414 897 3482 interpretaretur,
917 3413 992 3481 quod
1007 3415 1117 3481 saepius
1132 3413 1238 3466 factum
1252 3429 1314 3468 esse
1328 3413 1464 3479 videmus,

322 3486 442 3540 alterum
469 3484 604 3554 pristinae
631 3485 786 3554 scripturae
813 3485 931 3538 verbum
958 3501 975 3538 a
1003 3482 1126 3538 librariis
1156 3485 1310 3551 servatum,
1345 3484 1466 3538 alterum

321 3557 491 3625 glossemate
510 3559 622 3626 recepto
642 3557 822 3612 deturbatum
841 3559 892 3611 est.

411 3628 460 3684 10.
489 3635 505 3682 4
525 3628 608 3696 Lepti
622 3629 750 3697 prosim
764 3627 876 3696 oppido]
897 3627 939 3680 Ne
954 3625 1017 3693 quis
1032 3625 1159 3681 codicum
1175 3623 1312 3695 scriptura
1327 3624 1462 3694 ‘Leptim’

322 3699 424 3752 abusus
453 3699 655 3754 emendandum
684 3715 743 3753 esse
772 3700 853 3765 putet
876 3697 1038 3780 ‘Lepti,3'n
1061 3715 1102 3766 pr.
1122 3697 1170 3763 o.’,
1196 3699 1271 3764 quod
1297 3712 1353 3750 non
1372 3695 1464 3750 minus

322 3773 398 3824 recte
427 3771 532 3824 dictum
562 3771 637 3824 esset
659 3787 743 3838 quam
768 3768 917 3838 ‘Neapoli,
943 3770 973 3822 in
998 3767 1179 3823 celeberrimo
1205 3766 1321 3836 oppido’
1351 3767 1418 3836 (Cic.
1437 3786 1464 3837 p.

323 3842 392 3894 Rab.
412 3840 486 3896 Post.
512 3844 569 3910 10),
598 3842 766 3896 monendum
790 3857 851 3909 cap.
878 3849 893 3895 9
917 3855 1028 3908 quoque
1051 3839 1081 3893 in
1104 3837 1249 3894 codicibus
1272 3855 1321 3908 per
1345 3855 1464 3893 errorem

323 3913 457 3981 scripturn
476 3929 537 3967 esse
557 3914 699 3981 ‘Leptim'
721 3928 772 3981 pro
786 3911 879 3980 Lepti,
899 3914 928 3965 et
943 3910 1069 3965 Asinium
1083 3909 1323 3980 praepositionem
1338 3909 1465 3964 omisisse

323 3990 419 4051 28,1:
445 3985 562 4052 Thapsi,
591 3984 694 4053 oppido
717 3984 876 4038 marituma.
906 4015 938 4022 -
968 3989 983 4036 6
1007 3999 1068 4036 cam
1091 3981 1230 4052 Sulpicio]
1255 3981 1466 4050 intellegendus

323 4057 352 4110 P.
373 4055 512 4124 Sulpicius
530 4055 630 4123 Rufus,
656 4058 765 4126 legatus
790 4053 917 4108 Caesaris
940 4053 970 4106 in
989 4051 1083 4108 Gallia
1107 4051 1345 4122 (b.(ia11.4,aa.
1376 4057 1466 4122 Ρ(116)

324 4129 352 4182 et
370 4127 446 4181 bello
466 4128 549 4181 etiarn
571 4127 647 4182 civili
666 4129 724 4182 eius
745 4143 856 4182 causam
877 4129 986 4182 secutus
1006 4123 1043 4194 (b.
1064 4123 1116 4177 civ.
1137 4125 1207 4178 114.
1237 4123 1362 4191 111101),
1381 4126 1414 4178 ut
1432 4141 1467 4178 ex

323 4200 377 4252 hoc
401 4199 464 4253 loco
488 4196 644 4267 colligitur,
672 4216 729 4253 una
755 4215 817 4252 cum
842 4195 956 4252 Vatinio
980 4196 1008 4250 iu
1034 4195 1159 4264 lllyriam
1183 4195 1284 4249 missus
1312 4196 1379 4248 erat.
1424 4195 1467 4250 De

323 4268 531 4338 praepositione
550 4271 585 4325 cf.
604 4271 640 4325 ad
660 4277 701 4339 66,
717 4278 741 4326 3.
757 4302 790 4310 -
816 4269 942 4339 Velleio]
962 4269 991 4323 P.
1010 4266 1138 4331 Vatinia,
1162 4265 1275 4321 homine
1294 4268 1323 4320 in
1341 4282 1396 4333 quo
1416 4265 1466 4320 de-

324 4341 450 4394 formitas
477 4343 600 4409 corporis
630 4360 691 4396 cum
719 4342 894 4411 turpitudine
923 4339 1050 4394 certabat
1076 4336 1183 4407 ingenii
1211 4337 1293 4404 (Vell.
1318 4343 1342 4404 2,
1367 4339 1424 4406 69),
1450 4355 1467 4391 a

324 4408 455 4464 Cicerone
475 4414 503 4465 et
522 4413 631 4468 conciso
649 4413 718 4484 (Cio.
739 4415 770 4478 Q.
789 4414 822 4468 fr.
839 4418 863 4479 2,
879 4417 905 4478 4,
922 4413 947 4479 1)
967 4414 996 4464 et
1013 4408 1110 4479 paullo
1129 4410 1194 4476 post
1211 4410 1328 4478 urgente
1348 4407 1467 4464 Caesare

325 4481 447 4535 defenso.
489 4481 558 4535 Cum
584 4483 613 4536 in
639 4483 732 4538 Gallia
757 4484 883 4538 Caesaris
912 4481 1023 4549 legatus
1049 4481 1150 4534 fuisset
1175 4481 1212 4548 (b.
1232 4479 1304 4536 Gall.
1324 4486 1349 4547 8,
1368 4481 1413 4549 46)
1437 4483 1468 4535 et
