3292 5132
652 355 727 414 ΟΑΡ.
749 363 789 412 10.
810 364 852 412 11.
1281 360 1317 423 21

186 520 326 584 celeriter
353 521 393 586 de
420 520 556 584 navibus
589 521 729 605 imperat
756 543 868 586 omnes
899 523 1009 608 egredi
1040 525 1136 609 atque
1166 524 1201 589 in
1228 525 1322 590 litore

185 612 321 674 armatos
345 609 488 694 reliquos
513 610 719 675 advenientes
744 610 865 675 milites
889 615 1068 696 expectare.
1113 611 1230 696 Itaque
1254 615 1356 677 sines

185 721 270 763 mora
293 698 432 763 navibus
463 698 536 780 [eis]
564 699 599 763 in
627 703 758 783 portum
786 701 924 783 receptis
952 705 985 764 et
1012 701 1155 766 advectis
1178 701 1322 767 militum

185 788 322 871 equitum
351 787 452 872 copiis
481 809 593 852 rursus
623 789 663 853 ad
692 789 873 873 [oppidum]
902 788 1082 872 Ruspinam
1111 791 1195 856 redit
1223 795 1321 874 atque

154 875 226 940 ribi
257 876 373 942 castris
406 876 595 942 constitutis
628 877 698 962 ipse
731 900 804 942 oum
836 878 1025 942 cohortibus
1059 879 1216 962 expeditis
1248 899 1321 945 xxx

183 964 410 1030 frumentatum
442 971 492 1030 est
522 966 697 1050 profectus.
742 966 792 1030 Ex
823 989 861 1031 eo
891 967 1056 1052 cognitum
1088 972 1137 1032 est
1170 968 1356 1034 caesariei

183 1053 363 1140 consilium,
395 1055 487 1119 illum
521 1039 595 1120 cuin
628 1055 732 1120 classe
761 1057 899 1120 navibus
930 1053 1129 1143 [onerariis],
1162 1079 1244 1141 quae
1268 1057 1319 1123 de·

183 1146 354 1227 errassent,
378 1144 522 1208 subsidio
546 1144 593 1208 ire
616 1145 701 1209 clam
725 1144 902 1225 [hostibus]
927 1145 1083 1230 voluisse,
1110 1168 1150 1210 ne
1174 1147 1320 1210 666616-

181 1234 350 1316 prudentes
374 1236 466 1315 [suae
488 1236 601 1314 naves]
630 1234 662 1297 in
691 1234 828 1298 classem
851 1234 1110 1300 adversariorum
1132 1235 1320 1318 inciderent,

137 1336 164 1384 10
179 1343 277 1406 neque
306 1345 377 1387 eam
405 1345 474 1386 rem
502 1345 557 1387 eos
586 1322 727 1388 voluisse
755 1322 851 1406 scire,
879 1324 934 1407 qui
962 1323 996 1387 in
1018 1324 1188 1407 praesidiis
1211 1324 1318 1389 relicti

262 1521 277 1569 2
303 1515 479 1569 advenientis
502 1516 562 1584 Nip
583 1517 638 1570 ard.
662 1517 766 1570 Diater
785 1515 898 1571 Kraaer
928 1520 938 1587 ι)
979 1523 995 1571 3
1018 1515 1106 1588 *[eis]
1128 1518 1292 1572 inclusimus
1308 1515 1319 1591 ll

178 1585 361 1656 4*equitum]
377 1586 534 1654 equitatum
582 1607 592 1652 ,·
606 1586 819 1655 equitatumque
833 1587 861 1640 L
871 1587 911 1653 V,·
929 1587 1111 1657 equitumque
1124 1588 1153 1643 R
1170 1589 1180 1656 ΙΙ
1203 1587 1317 1659 *[oppi-

179 1656 250 1728 dum]
270 1674 321 1712 om.
340 1658 367 1711 L
389 1658 398 1725 ΙΙ
426 1664 442 1712 6
461 1657 626 1724 *cognitum
645 1661 688 1713 est
706 1659 734 1714 A
750 1659 798 1724 (cf.
817 1664 862 1724 19,
880 1662 929 1726 2).·
947 1661 990 1714 666
1008 1659 1154 1728 cognitum
1172 1660 1200 1714 R
1217 1662 1226 1729 ΙΙ
1250 1658 1317 1714 066-

179 1727 256 1800 saris]
275 1729 351 1798 regis
370 1730 397 1783 A
429 1731 439 1800 ΙΙ
480 1727 696 1800 7*[onerariis]
719 1731 880 1785 inclusimus
910 1732 920 1799 l
961 1729 1172 1802 8*[hostibns]
1195 1747 1245 1786 orn.
1264 1731 1290 1783 L
1308 1730 1318 1803 l}

176 1805 193 1922 i·
210 1799 425 1924 Ἀεὶ-1166666666]
444 1801 608 1857 inclusimus
634 1802 644 1870 l
672 1806 706 1855 10
724 1799 774 1870 qui
792 1817 842 1856 om.
862 1801 936 1871 PV;
962 1803 1007 1857 bic
1029 1807 1055 1858 et
1076 1804 1175 1858 iterum
1194 1807 1257 1857 ante
1274 1818 1317 1857 re-

186 1887 209 1924 rc

178 2049 301 2117 primarii
319 2049 445 2106 ablativa
460 2049 590 2105 absoluto
605 2049 745 2118 inseritur,
764 2050 853 2106 veluti
867 2048 944 2106 Caes.
963 2058 988 2121 2,
1004 2057 1046 2118 11,
1061 2059 1077 2106 2
1096 2052 1150 2106 hac
1169 2069 1199 2106 re
1219 2051 1315 2107 statim

177 2119 272 2176 Caesar
291 2139 342 2191 per
360 2121 551 2192 speculatores
570 2121 696 2190 cognita3
715 2121 837 2177 Plancus
855 2137 899 2191 ap.
919 2122 975 2177 Cic.
994 2122 1076 2192 epist.
1096 2128 1138 2188 10,
1160 2128 1200 2192 16,
1220 2129 1236 2177 2
1256 2124 1316 2191 qui-

177 2192 223 2246 bus
241 2193 326 2248 rebus
344 2209 398 2262 ego
418 2192 539 2262 cognitis
558 2193 708 2248 cunctatus
723 2209 780 2247 non
802 2210 871 2247 sum.
900 2223 933 2234 -
964 2201 978 2247 1
997 2195 1030 2250 de
1047 2196 1315 2267 navibus..e9redi]

176 2269 250 2332 31,6
270 2280 305 2318 ex
323 2263 441 2319 navibus
461 2280 603 2333 egressos,
626 2266 658 2318 ut
676 2266 777 2332 quater
795 2281 839 2334 ap.
860 2264 1019 2332 Gaesarem,
1038 2266 1064 2319 b.
1084 2264 1162 2320 Alex.
1182 2271 1225 2334 20,
1244 2271 1269 2320 3.
1289 2273 1314 2322 4.

176 2333 226 2389 Sed
244 2335 274 2388 in
294 2351 422 2390 sermone
436 2335 547 2404 vulgari
566 2334 676 2404 saepius
691 2337 724 2389 de
737 2335 766 2389 in
781 2334 874 2390 locum
887 2334 1101 2405 praepositionis
1119 2353 1153 2392 ex
1171 2337 1314 2405 successit,

175 2407 259 2461 veluti
277 2406 308 2460 in
322 2407 448 2461 formulis
463 2406 497 2460 de
512 2406 640 2461 manibus
655 2406 741 2473 elabi,
761 2407 903 2474 emittere,
922 2411 1099 2475 extorquere,
1118 2408 1173 2476 ipsi
1187 2408 1315 2464 Ciceroni

174 2479 311 2546 probatis3
338 2477 368 2532 in
391 2478 493 2546 linguis
521 2481 615 2533 autem
638 2475 787 2546 Italorum,
805 2477 1052 2548 Francogallorum
1072 2481 1124 2532 etc.
1144 2478 1246 2534 victrix
1263 2479 1315 2534 illa

174 2549 243 2604 hauc
260 2565 374 2619 prorsus
395 2548 520 2604 extinxit.
536 2581 570 2589 -
585 2555 601 2603 3
615 2549 745 2619 necibus]
765 2565 917 2618 pronomen
932 2549 972 2604 eis
990 2549 1037 2604 vel
1054 2548 1126 2603 hanc
1145 2549 1182 2604 ob
1201 2567 1314 2605 causam

175 2620 320 2675 delendum
339 2624 415 2689 erat,
435 2621 510 2690 quod
529 2637 665 2689 nusquam
685 2620 861 2675 substantivo
880 2621 916 2675 ab
935 2620 1032 2675 Asinio
1051 2621 1242 2689 postpositum
1262 2625 1312 2680 cst.

175 2720 204 2730 -
222 2692 354 2763 advectis]
378 2692 452 2746 idem
472 2691 530 2746 fere
550 2691 627 2760 quod
646 2690 789 2761 expositis.
808 2722 842 2730 -
861 2691 992 2762 militum]
1008 2717 1042 2738 -π
1060 2692 1196 2760 peditum.
1234 2692 1312 2750 Caes.

175 2767 290 2830 6,10,1
318 2763 424 2816 milites
448 2763 619 2832 equitesque.
658 2762 724 2816 Sall.
748 2761 807 2832 lug.
828 2768 870 2830 66,
889 2767 914 2819 4.
951 2762 1023 2817 Hinc
1046 2761 1202 2831 asyndeton
1228 2764 1313 2818 ‘mili-

174 2833 229 2886 tnm
243 2834 383 2902 equitum'
399 2835 498 2889 eodem
512 2833 573 2889 iure
588 2834 783 2901 excusandum,
799 2850 854 2902 quo
869 2835 942 2904 apud
959 2834 1025 2889 Sall.
1039 2834 1158 2905 Ingstil,
1173 2841 1189 2889 6
1205 2837 1313 2904 equites

174 2904 278 2972 pedites
293 2904 425 2974 permixti
439 2905 492 2976 (sic
507 2922 559 2960 scr.
576 2924 638 2960 cum
653 2906 762 2973 aliquot
775 2905 900 2975 optimae
913 2905 1039 2960 familiae
1054 2906 1218 2977 codicibus),
1238 2908 1314 2977 apud

174 2975 278 3030 bivium
294 2981 336 3042 26,
353 2984 378 3044 6,
392 2983 426 3030 20
445 2977 572 3046 peditum
587 2977 711 3045 equitum
726 2977 800 3032 acies
815 2980 996 3044 concurrunt3
1016 2984 1058 3045 27,
1076 2985 1116 3045 13,
1131 2985 1147 3032 9
1161 2982 1194 3032 66
1208 2995 1312 3047 omnes,

173 3048 275 3115 equites
295 3047 417 3117 pedites,
438 3049 540 3102 armati
559 3047 702 3115 adessent;
729 3055 777 3118 40,
796 3055 844 3112 44,
864 3055 887 3102 3.
926 3048 966 3103 cf.
985 3050 1057 3103 infra
1077 3054 1122 3117 18,
1143 3055 1159 3103 6
1185 3051 1313 3105 cohortes

173 3117 274 3174 turmas
294 3120 378 3173 etad
401 3124 447 3187 83,
468 3125 493 3174 2.
524 3150 558 3159 -
587 3121 847 3190 4666666εᾶ6]
872 3119 1028 3187 pleone-emi
1051 3121 1189 3188 quoddam
1215 3139 1312 3190 genus,

173 3191 300 3256 quoniam
318 3207 374 3245 uon
394 3191 488 3257 agitur
506 3192 540 3246 de
560 3191 649 3245 altero
668 3190 774 3244 reditu:
798 3197 841 3258 32,
861 3198 885 3244 2.
913 3198 955 3256 76,
974 3197 1004 3256 2;
1027 3208 1121 3245 rursus
1141 3209 1169 3246 se
1188 3193 1312 3261 recipere

173 3263 212 3328 26,
231 3266 254 3316 5.
280 3268 323 3328 33,
343 3267 368 3318 6.
393 3268 435 3330 63,
455 3268 479 3316 6.
504 3268 547 3330 85,
566 3269 597 3328 2;
621 3278 714 3315 rursus
734 3279 868 3316 renovare
888 3268 930 3328 14,
950 3269 974 3316 3.
1000 3266 1042 3327 18,
1062 3269 1086 3316 2.
1107 3293 1140 3302 -
1165 3264 1309 3335 icastris]

174 3331 355 3387 statuendum
374 3335 418 3387 est
436 3334 533 3388 decom
552 3334 681 3388 cohortes
701 3350 770 3400 quas
789 3331 892 3387 Caesar
910 3331 1043 3402 praesidii
1068 3350 1151 3387 causa
1169 3334 1311 3404 Ruspinae

173 3404 355 3458 collocaverat
383 3408 437 3473 (10,
458 3408 484 3470 1)
511 3404 540 3458 in
566 3405 628 3474 ipso
655 3405 758 3474 oppido
784 3403 889 3472 egisse3
916 3405 965 3458 sed
984 3405 1109 3458 adventu
1128 3405 1241 3458 navium
1262 3425 1310 3458 uu-

172 3490 260 3529 merus
284 3476 429 3545 oopiarum
452 3475 495 3529 ita
517 3479 615 3530 anctus
639 3481 712 3543 erat,
737 3478 768 3529 ut
791 3476 926 3544 oppidum
944 3477 1041 3529 tantae
1060 3475 1236 3529 multitudini
1253 3493 1310 3530 non

172 3546 315 3601 sufficeret.
354 3543 393 3601 Of.
414 3553 457 3617 20,
478 3552 501 3602 1,
522 3579 554 3588 -
574 3549 729 3603 cohortibus
746 3565 767 3602 e.
789 3547 898 3615 XXX]
919 3547 936 3600 i.
957 3564 980 3601 e.
1000 3546 1116 3600 dimidia
1135 3549 1214 3616 parte
1234 3563 1310 3600 exer·

172 3614 248 3672 citus.
267 3649 301 3657 -
322 3624 337 3671 6
355 3620 553 3684 frumentatum
572 3624 610 3674 eet
627 3619 777 3690 profectas]
796 3619 858 3687 ipso
877 3618 935 3678 die,
954 3634 1009 3685 quo
1029 3634 1112 3673 naves
1132 3619 1309 3704 appulerant.

172 3686 240 3742 Plut.
259 3690 335 3744 Caes.
351 3695 384 3743 52
403 3681 439 3756 ἦν
458 3687 512 3760 γὰρ
527 3685 592 3744 οὔτε
608 3696 683 3752 σῖτος
696 3697 754 3752 τοῖς
768 3685 908 3760 ἀνδράσιν
922 3685 1055 3757 ἄφθονος
1070 3685 1134 3743 οὔτε
1149 3692 1310 3758 νποζογιόις

171 3757 250 3844 pelte,
265 3755 334 3814 dcto
349 3757 447 3833 βρύοις
460 3756 654 3850 ᾐναγκοὶξονιο
668 3763 842 3828 θαλαττίοις,
857 3756 1071 3828 ἀποπλυθείσης
1085 3762 1134 3828 τῆς
1148 3757 1310 3830 ἁλμυρίδος,

172 3831 263 3899 ολίμην
289 3827 428 3901 ἄγρωστιν
454 3851 547 3898 ωσπερ
573 3835 686 3902 ηδνσμοι
711 3831 938 3903 παραμιγνύντες
965 3828 1083 3901 ἐπάγειν
1109 3827 1175 3894 τοὺς
1198 3835 1309 3895 ἵππους.

172 3898 278 3956 Cassius
299 3902 350 3957 Dio
370 3910 413 3971 43,
433 3909 458 3969 2,
478 3909 492 3957 1
520 3899 569 3958 τὸν
587 3907 717 3971 Καίσαρα
736 3901 807 3975 πρὸς
830 3903 926 3974 κώμας
950 3899 995 3957 ἐπὶ
1015 3909 1091 3958 σῖτον
1112 3900 1309 3971 ἐξεληλυθότα.

171 4001 203 4012 -
230 3981 244 4028 7
272 3976 402 4046 namus]
427 3974 520 4044 longis
544 3976 573 4029 et
598 3976 745 4044 onerariis,
774 3975 840 4044 quia
865 3978 894 4028 et
918 3975 1028 4044 pedites
1054 3980 1083 4030 ct
1110 3975 1217 4042 equites
1238 3978 1263 4040 (§
1283 3977 1309 4043 3)

171 4043 317 4102 vehebant.
336 4078 370 4086 -
394 4053 410 4100 8
429 4047 511 4117 clam]
531 4046 658 4102 adverbii
677 4064 792 4100 munere
810 4047 936 4114 fungitur
955 4053 998 4113 65,
1019 4052 1042 4099 1.
1067 4054 1110 4113 88,
1131 4053 1156 4099 3.
1180 4051 1223 4113 93,
1244 4051 1258 4096 1
1278 4048 1310 4100 66

170 4118 327 4171 constanter
345 4119 418 4186 apud
439 4116 613 4183 Ciceronem3
633 4135 696 4172 cum
716 4117 876 4172 accusativo
896 4118 1073 4186 coniungitur
1091 4134 1109 4170 a
1127 4114 1309 4238 scriptoribus

170 4185 274 4253 priscae
298 4187 463 4255 latinitatis,
488 4207 551 4244 cum
575 4188 699 4242 ablativo
724 4204 741 4240 6
765 4189 882 4243 Caesare
904 4187 1041 4256 (Asinioi)
1066 4190 1091 4242 b.
1112 4187 1164 4242 civ.
1198 4187 1272 4253 132,
1292 4194 1308 4243 8

170 4257 239 4311 clam
257 4258 349 4328 vobis,
370 4259 482 4314 sicana
501 4265 544 4314 est
557 4259 693 4313 librorum
712 4258 857 4328 scriptura.
892 4256 932 4312 Of.
952 4259 1026 4314 Plut.
1042 4259 1119 4313 0666.
1136 4265 1169 4312 62
1189 4258 1309 4312 λαθὼν

171 4322 279 4399 ἀνήχθη
305 4329 390 4385 πάλιν
413 4328 486 4399 ὑπὲρ
509 4333 558 4400 τῆς
580 4331 708 4401 μείζονος
731 4326 864 4400 ὀρρωδῶν
883 4329 1041 4398 δυνάμεως.
1070 4361 1101 4368 —
1131 4331 1310 4400 inprudentes

170 4401 260 4472 acces]
280 4401 449 4456 adiectivum
465 4403 500 4457 de
514 4401 675 4457 hominibus
696 4404 752 4471 (63)
771 4402 918 4470 poetarum
932 4417 1010 4455 more
1027 4401 1058 4456 in
1072 4419 1116 4456 res
1130 4403 1308 4458 translatum.

172 4499 201 4509 -
222 4476 253 4526 10
272 4475 302 4528 in
316 4475 479 4545 praesidiis]
501 4473 642 4545 Ruspinae
661 4475 691 4530 et
709 4473 797 4543 Lepti.
