3292 5132
659 379 735 436 CAP.
756 387 779 436 7,
800 388 824 436 8.
1272 383 1313 448 15

173 547 454 628 convulnerarunt,
477 545 652 610 nonnullos
676 545 914 610 interfecerunt.
961 545 1081 610 Latent
1099 547 1185 611 enim
1209 548 1242 612 in
1265 548 1312 611 in·
1332 567 1347 613 e

173 636 258 700 sidiis
282 658 355 700 cum
380 635 471 720 equis
499 637 534 699 in
561 635 779 718 convallibus,
808 641 843 700 ut
867 636 975 700 subite
1000 637 1154 720 existant,
1187 659 1252 701 non
1276 642 1313 702 ut

171 726 202 787 in
225 747 338 808 eampo
362 726 543 789 comminus
566 725 761 810 depugnent.

257 812 290 879 8.
316 813 435 878 Caesar
457 813 590 878 interim
612 815 646 878 in
672 813 856 878 Sardiniam
884 814 1015 878 nuntios
1040 837 1112 878 cum
1136 815 1254 879 litteris
1279 821 1311 880 et
1332 835 1344 881 1

140 903 202 970 sin
223 904 366 986 reliquas
389 903 574 987 provincias
593 904 750 967 finitimas
775 902 911 986 dimisit,
934 907 971 966 ut
990 904 1054 967 sibi
1073 905 1202 988 auxilia,
1225 928 1311 970 conr-

171 996 307 1076 meatus,
335 992 549 1078 frumentum,
578 994 773 1076 simulatque
797 993 926 1056 litteras
953 993 1124 1076 legissent,
1154 995 1312 1058 mittenda

170 1085 326 1146 curarent.
345 1081 540 1146 Exoneratis
550 1083 670 1166 partim
680 1082 934 1166 navibuslongis
943 1081 1112 1146 Rabirium
1120 1083 1310 1147 Postumum

256 1263 270 1308 1
291 1257 320 1309 in
339 1273 389 1310 om.
405 1257 483 1325 1112
498 1256 549 1309 *16
568 1256 743 1311 convallibus
756 1255 799 1322 L;
816 1256 846 1310 in
866 1258 1007 1312 convalles
1022 1258 1060 1325 P;
1078 1259 1153 1311 inter
1170 1259 1312 1313 convalles

168 1327 194 1380 R
215 1330 225 1396 11
247 1326 300 1382 *61
318 1327 412 1380 subito
431 1329 553 1382 existant
571 1329 634 1382 Em.
650 1329 820 1396 Hoffmuuu;
839 1331 868 1381 et
887 1329 979 1382 subito
999 1328 1123 1384 existunt
1144 1329 1167 1382 0
1189 1331 1198 1397 ΙΙ
1221 1337 1236 1384 6
1255 1331 1312 1384 tru-

168 1401 292 1452 mentum
312 1398 459 1453 mitterent
473 1400 522 1467 qui
541 1399 709 1466 simulatque
724 1400 750 1452 L
772 1402 781 1468 11
805 1407 819 1453 7
839 1398 1022 1454 *Exoneratis
1041 1417 1104 1456 mos:
1123 1417 1156 1453 ex
1176 1402 1311 1455 onerariis

167 1470 207 1536 L;
225 1469 440 1538 exoneratisque
459 1471 487 1524 R
510 1473 519 1540 ΙΙ
541 1472 705 1525 Postumum
725 1470 831 1536 LFV;
849 1470 1024 1525 Postumium
1043 1472 1072 1525 R

167 1650 194 1702 et
211 1648 412 1717 praetorianus.
440 1647 519 1703 Bello
534 1651 628 1702 autern
643 1647 844 1713 616111666616,
864 1666 936 1716 cum,
951 1650 1000 1717 qui
1014 1665 1031 1701 a
1045 1645 1170 1704 Caesaris
1184 1651 1310 1718 partibus

166 1720 283 1788 starent,
308 1720 420 1789 proprie
439 1719 551 1774 dicendi
570 1721 664 1774 essent
681 1720 797 1788 Iuliani,
827 1720 987 1774 Caesariani
1011 1738 1120 1789 quoque
1143 1723 1229 1790 vulgo
1254 1720 1310 1775 dici

166 1789 261 1859 coepti
280 1793 358 1859 sunt,
383 1791 448 1859 quia
472 1791 587 1846 alterius
606 1792 684 1846 ducis
702 1793 862 1860 praevaluit
881 1809 1043 1861 cognomen.
1081 1791 1121 1846 Cf.
1142 1791 1262 1846 Schnorr
1281 1794 1310 1846 in

164 1861 247 1917 Arch.
268 1861 348 1917 lexic.
367 1862 416 1916 lat.
436 1864 447 1915 Ι
469 1868 518 1917 177
534 1879 611 1932 seqq.
631 1895 665 1902 —
684 1864 788 1934 adorti]
807 1864 861 1918 hoc
880 1864 965 1918 verbo
984 1864 1063 1917 Polio
1084 1864 1309 1931 quattuordecim

164 1934 244 1999 locis,
266 1932 450 2003 aggrediendi
468 1950 503 1988 ne
522 1951 577 1988 uno
592 1935 717 2002 quidem,
738 1934 888 1988 Sallustius
908 1935 1006 1989 contra
1024 1934 1072 1989 illo
1093 1952 1236 2004 nusquam,
1256 1937 1310 1989 hoc

164 2004 270 2059 viciens
289 2007 400 2072 quater,
420 2003 524 2060 Caesar
543 2007 662 2074 denique
682 2009 800 2075 utroque
819 2006 975 2075 promiscue
993 2023 1059 2060 usus
1078 2008 1128 2060 est.
1144 2038 1177 2046 -
1196 2007 1308 2077 iaculis]

164 2076 333 2131 vocabulum
352 2077 387 2129 ab
406 2076 502 2131 Asinio
521 2080 683 2131 constanter
702 2077 736 2131 de
756 2076 886 2130 Numidis
906 2077 1020 2132 dictum.
1042 2109 1073 2116 —
1093 2084 1109 2131 2
1129 2079 1309 2132 1666666111-

164 2147 225 2216 bus]
247 2147 391 2202 Convallis
415 2165 478 2202 curn
502 2148 643 2218 significet
661 2147 765 2202 vallem
789 2166 852 2202 cunr
872 2149 1036 2204 declivitate
1055 2150 1192 2202 montium
1212 2151 1311 2203 dextra

164 2217 277 2272 sinistra
300 2219 523 2288 adsurgentium,
552 2220 630 2273 nulla
652 2237 682 2274 re
706 2236 723 2272 a
746 2220 858 2274 nomine
882 2219 1005 2289 simplici
1028 2220 1133 2288 differt,
1161 2221 1216 2274 nisi
1234 2221 1309 2289 quod

165 2291 271 2346 maiore
285 2289 314 2344 vi
328 2289 435 2345 dictum
450 2294 493 2345 est
506 2290 627 2359 ideoque
641 2292 671 2345 in
686 2307 812 2345 sermone
826 2291 938 2358 vulgari
952 2291 1123 2359 praevaluit;
1142 2292 1185 2346 ita
1203 2293 1309 2346 facturn

164 2364 218 2429 661,
237 2365 272 2415 61
289 2360 404 2416 Asinius
419 2361 575 2430 quinquies,
595 2368 692 2416 auctor
710 2362 778 2416 belli
797 2362 990 2431 Hispaniensis
1005 2365 1104 2430 quater
1123 2379 1156 2416 eo
1175 2366 1309 2429 uteretur,

163 2433 281 2501 uterque
297 2437 399 2502 autem,
414 2435 489 2502 quod
503 2434 593 2488 maius
609 2437 659 2500 est,
676 2434 851 2488 substantivo
866 2434 948 2488 vallis
963 2433 1126 2487 abstineret.
1149 2434 1224 2488 Intra
1240 2441 1307 2500 66,1

162 2502 343 2559 insidiatores
357 2505 387 2558 in
398 2504 572 2560 convallibus
587 2506 723 2573 latentes;
738 2512 780 2572 50,
792 2513 820 2570 13
841 2506 918 2559 Caes.
935 2512 959 2572 3,
970 2510 1041 2572 20,4
1057 2521 1126 2572 quas
1142 2506 1170 2558 in
1181 2504 1309 2559 convalle

163 2575 190 2628 in
210 2574 321 2630 insidiis
342 2578 549 2642 conlocauerat,
569 2582 595 2646 6,
614 2582 656 2644 32,
676 2583 701 2630 2,
738 2576 829 2630 Aliter
846 2575 942 2630 Livius
961 2582 1004 2644 26,
1020 2581 1062 2643 10,
1078 2581 1093 2627 6
1112 2577 1146 2629 de
1166 2576 1308 2630 Numidis:

162 2646 255 2702 nullos
279 2645 403 2716 aptiores
426 2647 518 2702 inter
541 2648 683 2702 convalles
706 2649 836 2716 tectaque
860 2648 1003 2701 hortorum
1027 2649 1057 2700 61
1080 2663 1162 2700 cavas
1185 2648 1309 2715 undique

163 2717 222 2772 rias
252 2718 290 2772 ad
316 2720 498 2787 pugnandum
524 2719 631 2773 futuros
655 2719 719 2774 rati.
753 2751 786 2758 -
819 2725 851 2772 ut
866 2721 963 2773 -subito
986 2719 1118 2789 esistunt]
1143 2724 1220 2785 69,1
1245 2736 1308 2771 curn

163 2788 293 2857 equitatu
312 2805 346 2843 ex
365 2789 483 2844 collibus
502 2790 600 2859 primis
620 2790 745 2844 existunt
768 2792 822 2860 (69,
842 2797 858 2843 4
878 2807 911 2844 ex
929 2789 1063 2859 proximis
1082 2789 1200 2846 collibus
1220 2806 1308 2843 erum-

162 2863 259 2930 punt),
279 2862 311 2913 61
329 2863 405 2930 apud
424 2862 544 2916 Graecos
559 2857 740 2931 ἐξίστασθαι,
758 2861 924 2926 praesertim
943 2861 978 2916 de
992 2860 1198 2916 insidiantibus.
1227 2863 1308 2914 Hunc

161 2933 239 2987 verbi
256 2949 335 2986 usum
350 2932 456 3001 primus
470 2932 613 2988 induxisse
627 2934 740 2988 videtur
753 2932 848 3001 Polio,
861 2938 927 3002 post
941 2950 1005 2987 eum
1019 2932 1199 2987 adsciverunt
1213 2933 1308 2987 Livius

162 3008 216 3072 (26,
231 3010 307 3071 21,3
327 3007 375 3070 qui
395 3005 476 3072 signo
495 3003 562 3058 dato
581 3004 664 3058 simul
682 3021 778 3058 omnes
797 3022 812 3059 e
831 3004 948 3060 latebris
962 3004 1124 3070 existerent)
1144 3005 1173 3058 et
1186 3002 1306 3060 Curtius.

162 3074 266 3129 Caesar
284 3075 324 3127 ΙΙΙ
342 3081 385 3142 37,
405 3080 421 3128 6
441 3092 474 3129 ex
492 3075 603 3130 insidiis
622 3079 861 3130 consurrexerunt.
900 3077 964 3130 Tac.
984 3076 1049 3130 hist.
1069 3083 1094 3142 2,
1110 3082 1144 3129 24
1164 3076 1307 3130 (1666616-

162 3146 252 3200 sidiae
277 3147 324 3215 (=
346 3146 520 3216 insidiantes)
545 3149 730 3202 eoorerentur.
773 3147 964 3216 Supplendnm
988 3150 1082 3202 autem
1105 3147 1134 3200 in
1161 3149 1307 3201 enuntiato

161 3218 298 3284 primario
315 3219 371 3285 itu,
396 3219 471 3271 unde
496 3220 566 3272 haee
593 3217 714 3273 efficitur
733 3220 883 3273 sententia:
910 3217 1063 3272 insidiandi
1088 3217 1224 3273 rationem
1245 3237 1307 3273 eam

162 3303 236 3358 esse,
261 3289 462 3346 ut..existant
485 3289 613 3358 quidem,
636 3306 693 3344 non
712 3291 1023 3359 autem..depugnent.
1061 3289 1100 3343 cf.
1122 3294 1163 3357 17,
1185 3298 1197 3342 1
1223 3293 1253 3343 61
1271 3292 1308 3344 ad

161 3365 205 3427 47,
225 3369 253 3414 3.
289 3359 378 3416 Varro
397 3378 419 3414 r.
438 3366 507 3414 rust.
528 3367 551 3428 1,
572 3367 596 3428 2,
616 3368 632 3415 6
651 3379 707 3415 606
722 3360 867 3416 arboribus
886 3363 996 3416 consita
1014 3360 1106 3427 Italia,
1126 3364 1159 3414 ut
1176 3362 1238 3415 tota
1257 3380 1315 3432 po-¹

160 3430 282 3485 marium
301 3432 451 3487 videatur?
471 3463 505 3471 -
523 3449 579 3487 uem
597 3439 629 3486 ut
660 3431 700 3488 Cf.
720 3434 767 3488 vix
785 3433 829 3500 ut,
848 3450 960 3500 prorsus
979 3435 1023 3498 ut,
1043 3449 1139 3486 omnes
1158 3435 1197 3486 61.
1231 3432 1307 3487 infra

160 3501 196 3556 ad
216 3507 262 3571 88,
281 3509 297 3556 6
316 3511 345 3557 61
364 3503 446 3558 Arch.
466 3503 519 3557 lex.
539 3505 587 3557 lat.
607 3505 619 3556 l
666 3511 717 3558 618
728 3520 769 3571 sq.
795 3535 828 3544 —
853 3511 868 3557 3
888 3521 909 3557 c.
930 3504 1095 3572 depugnent]
1116 3502 1170 3556 hoc
1189 3501 1252 3557 loeo
1273 3530 1306 3549 =

159 3575 301 3643 pugnent,
321 3577 445 3640 6129,1
465 3574 581 3628 minutis
599 3573 714 3655 proeliis
733 3578 806 3630 inter
825 3592 853 3628 se
868 3574 1042 3644 depugnare3
1064 3579 1108 3638 46,
1127 3583 1143 3626 3
1162 3591 1212 3642 pro
1228 3575 1305 3628 cuius

160 3643 302 3713 dignitate
319 3645 433 3702 triciens
453 3645 625 3713 depugnav1;
646 3645 748 3700 Caesar
768 3652 791 3714 1,
807 3651 848 3714 62,
864 3652 888 3700 4.
910 3653 934 3712 7,
954 3651 996 3709 60,
1017 3651 1041 3699 1.
1065 3644 1139 3713 168,
1155 3653 1179 3698 4.
1203 3645 1231 3697 II
1249 3653 1305 3714 6,3

160 3716 315 3770 comminus
340 3733 475 3786 pugnare.
520 3716 627 3771 Maiore
652 3719 681 3771 vi
705 3716 807 3772 dicitur
827 3719 860 3771 de
884 3715 1037 3772 certamine
1057 3716 1193 3785 singulari
1212 3722 1255 3786 94,
1278 3725 1305 3786 13

159 3786 194 3840 de
213 3787 420 3857 gladiatoribus
438 3786 552 3841 Asinius
571 3788 645 3857 apud
665 3788 720 3843 Cic.
740 3789 820 3858 epist.
842 3795 883 3856 10,
903 3796 945 3855 32,
964 3796 989 3842 3.

252 3858 281 3912 8.
309 3861 461 3914 46661166
484 3876 545 3914 cum
568 3860 679 3931 litteris]
703 3866 749 3929 20,
769 3867 799 3927 3,
826 3866 874 3930 26,
899 3867 915 3913 4
938 3859 1047 3913 litteras
1070 3859 1257 3929 nuntiumque
1276 3862 1306 3913 61
1414 3860 1416 3866 ’

159 3928 291 3983 similiter
315 3932 390 4000 apud
415 3929 574 3998 Caesarem
599 3933 778 4000 opponuntur
799 3931 892 3986 nuntii
915 3931 1049 4000 (litterae)
1075 3948 1138 3984 cum
1162 3931 1304 3986 mandatis

159 4001 334 4070 (mundliche
352 4001 501 4071 Auftr'age)
520 4006 563 4071 66,
584 4010 607 4057 1.
646 4001 758 4058 Asinius
777 4021 823 4072 ap.
842 4003 896 4056 Cic.
917 4019 960 4071 ep.
981 4008 1022 4069 10,
1043 4007 1086 4068 33,
1105 4009 1122 4054 4
1145 4003 1216 4056 haec
1235 4001 1305 4054 milri

159 4072 320 4127 scribuntur
339 4079 367 4127 et
385 4074 558 4130 nuntiantur.
592 4104 625 4113 -
660 4080 674 4127 7
699 4076 865 4142 enomeratis]
888 4073 980 4128 Plaut.
1005 4071 1091 4128 Stich.
1112 4078 1162 4126 631
1182 4072 1304 4127 hodiene

160 4159 341 4198 exoneremus
359 4151 479 4199 navem?
506 4143 590 4198 Falso
614 4146 707 4199 autern
728 4145 863 4199 edebatur
882 4145 1141 4213 ‘exoneratisque’,
1165 4144 1304 4212 6616116-

158 4213 226 4268 birii
245 4214 387 4284 expeditio
401 4232 457 4270 non
477 4233 540 4270 cnm
553 4214 660 4270 nuntiis
680 4214 708 4268 in
729 4216 886 4270 Sardiniam
906 4215 998 4268 missis
1013 4217 1158 4280 cohaeret,
1177 4215 1225 4268 sed
1241 4231 1304 4269 cum

158 4286 208 4354 iis,
228 4303 299 4354 qnae
318 4292 333 4352 ς
352 4294 368 4340 2
388 4288 452 4340 618
471 4289 619 4341 narrantur
638 4284 762 4356 (dimisit,
782 4285 882 4351 mittit,
901 4286 993 4350 iubet,
1012 4285 1109 4354 iubet).
1130 4316 1162 4324 -
1184 4288 1289 4354 purtim

159 4373 264 4428 magna
278 4375 311 4412 ex
325 4360 417 4428 parte,
432 4358 486 4412 nisi
499 4358 616 4414 excidit:
635 4357 742 4427 partim
757 4357 899 4411 onerariis.
915 4387 948 4395 —
963 4357 1114 4410 Rabirium
1129 4357 1291 4412 Postumum

159 4445 245 4555 {quess
270 4430 435 4556 {oppanepl
450 4428 625 4556 appoturbfis
650 4427 1135 4556 ἓ666361166661661666601666666
1165 4429 1302 4485 defensus.

195 4543 201 4556 .
241 4518 443 4556 ne.1v.u.
516 4519 635 4556 emra
690 4543 740 4571 ,.
