3292 5132
465 1163 510 1247 Ο.
540 1164 700 1247 ASINI
727 1163 995 1247 POLIONIS

235 1340 684 1416 COMMENTARIUS
712 1341 782 1412 DE
811 1339 986 1413 BELLO
1014 1338 1234 1414 AFRIOO.

249 1641 282 1706 l.
307 1639 428 1705 Caesar
447 1637 618 1702 itineribus
637 1637 731 1700 iustis
756 1635 911 1702 confectis
934 1637 1025 1702 nullo
1049 1638 1100 1702 die
1119 1639 1337 1708 intermissor

155 1755 183 1796 a.
209 1731 239 1796 d.
263 1749 349 1794 xnu.
373 1727 445 1792 Kal.
470 1727 537 1790 lan.
561 1725 752 1810 Lilybaeum
775 1727 925 1809 pervenit
949 1727 1126 1810 statimque
1154 1729 1304 1814 ostendit,

122 1841 136 1888 5
156 1841 229 1885 sese
253 1841 353 1884 naves
377 1817 459 1880 velle
483 1816 708 1899 conscendere,
732 1837 803 1879 cum
827 1839 893 1880 non
916 1816 1054 1900 amplius
1077 1817 1304 1902 legionemti-

154 1932 274 1975 ronum
297 1908 433 1972 haberet
456 1928 563 1988 unam,
587 1905 711 1988 equites
734 1906 788 1968 vix
810 1922 866 1968 ne.
912 1905 1169 1970 Tabernaculum
1194 1929 1304 1971 secun-

155 2000 235 2063 dum
258 1998 338 2061 litus
361 1996 469 2079 ipsum
492 1993 675 2078 constituit,
697 1998 734 2057 ut
757 2015 857 2077 prope
876 1994 995 2059 fluctus
1014 1996 1208 2060 verberaret.
1232 1996 1303 2061 Hoc
1323 2018 1338 2064 2

155 2110 194 2153 eo
225 2087 361 2152 consilio
388 2083 479 2168 fecit,
506 2105 547 2147 ne
575 2084 647 2166 quis
676 2104 784 2146 morae
815 2084 985 2166 quicquam
1009 2084 1079 2148 fore
1103 2091 1249 2168 speraret
1272 2092 1305 2149 et

249 2302 263 2348 1
284 2294 335 2350 *c
354 2292 436 2347 Asini
455 2292 579 2348 Polionis
603 2293 819 2348 commentarius
838 2292 873 2347 de
892 2294 968 2348 bello
987 2293 1095 2365 Africo]
1124 2296 1236 2365 Incipit.
1264 2297 1305 2350 De

154 2369 234 2423 bello
253 2366 350 2422 affrico
369 2367 397 2420 A
401 2388 413 2434 ,·
430 2364 534 2434 Incipit
553 2363 625 2418 liber
643 2365 712 2418 belli
731 2363 826 2418 affrice
846 2365 872 2418 L
878 2385 888 2429 ,·
907 2365 1010 2433 Incipit
1023 2365 1095 2419 liber
1109 2367 1178 2420 belli
1193 2367 1305 2422 affricae

154 2440 280 2494 feliciter
295 2439 323 2490 P
340 2439 348 2506 II
367 2445 384 2490 4
403 2454 427 2491 a.
447 2436 487 2506 d]
507 2437 658 2502 Dareium
676 2453 725 2490 omi.
741 2435 767 2488 L
786 2437 831 2506 (cf.
847 2437 885 2490 ad
899 2443 942 2503 37,
960 2441 997 2504 1),
1017 2437 1053 2490 ad
1067 2437 1095 2490 R
1109 2441 1118 2507 II
1130 2438 1189 2492 Ian.
1208 2437 1240 2491 K.
1256 2441 1283 2492 A
1297 2440 1306 2510 ll

155 2511 296 2566 lilibicum
311 2511 354 2577 11,·
371 2507 500 2578 lilibeum
515 2507 543 2561 R
557 2508 566 2576 ΙΙ
581 2513 596 2560 8
617 2507 699 2575 *quis
713 2508 756 2572 A;
775 2507 837 2574 quis
851 2506 905 2560 sibi
920 2507 947 2560 R
961 2510 970 2576 ΙΙ
984 2508 1054 2578 fore]
1074 2508 1132 2562 lere
1147 2509 1199 2574 ΡΙ,
1212 2527 1263 2564 om.
1279 2511 1306 2564 L

156 2639 373 2647 .-—--.-—.--

250 2723 279 2777 1.
300 2731 315 2778 3
330 2723 476 2777 Itineribus
490 2722 571 2776 Iustis
585 2721 725 2791 consectis]
741 2720 817 2774 Caes.
828 2720 868 2772 ΙΙΙ
878 2726 919 2788 76,
938 2727 949 2773 1
966 2721 1094 2775 confecto
1108 2719 1182 2775 iusto
1197 2722 1304 2776 Itinere.

157 2797 281 2850 --nullo
296 2796 340 2849 die
353 2793 417 2863 iat]
432 2789 590 2854 ἀσυνδέτους
604 2808 653 2861 pro
670 2793 733 2846 ‘nec
747 2791 805 2845 ullo
821 2792 865 2844 die
880 2793 910 2845 i.'
936 2791 977 2848 (tf.
993 2796 1063 2857 25,2
1079 2793 1235 2848 coniunctis
1250 2795 1306 2847 suis
1386 2801 1391 2810 ’

155 2867 249 2937 copiis
269 2866 383 2934 cognIto
407 2865 481 2933 regis
500 2881 626 2934 egressu3
653 2869 694 2929 63,
715 2869 728 2916 1
749 2879 821 2930 equo
841 2861 964 2918 admisso
984 2862 1095 2918 omissis
1115 2864 1245 2918 omnibus
1263 2883 1306 2919 re-

156 2940 226 3003 bus;
246 2943 319 3004 86,3
339 2935 497 3006 legionibus
516 2935 622 2989 relictis
641 2933 679 2987 M.
699 2933 820 2988 Messala
840 2934 950 2990 Uticam
969 2935 1131 3004 praemisso.
1151 2967 1184 2976 -
1203 2942 1221 2988 4
1240 2955 1265 2991 u.
1279 2939 1305 2992 d.

159 3010 278 3064 XIIII.
298 3007 365 3062 Kal.
384 3007 466 3077 Iam]
495 3006 567 3060 Plnt.
588 3006 666 3060 Caes.
686 3011 719 3059 52
743 3005 808 3075 περὶ
830 3005 936 3075 τροπὰς
959 3006 1119 3076 χειμερινὰς
1142 3007 1244 3079 διαβὰς
1267 3006 1307 3069 εἰς

156 3081 297 3134 Σικελίαν
324 3079 373 3132 καλ
403 3075 570 3150 βουλόμενος
597 3078 686 3139 εὐθὺς
713 3074 860 3145 ἀποκόψαι
882 3086 937 3131 τῶν
963 3077 1028 3147 περὶ
1052 3078 1138 3132 αὐτὸν
1161 3078 1306 3148 ἡγεμόνων

157 3152 277 3206 ἅπασαν
301 3144 401 3203 ἐλπίδα
425 3147 578 3219 μελλήσεως
600 3149 650 3203 καὶ
673 3150 818 3220 διατριβῆς
841 3143 887 3202 ἐπὶ
910 3157 960 3202 τοῦ
979 3149 1133 3219 κλύσματος
1153 3147 1236 3218 ἔπηξε
1255 3149 1306 3218 τὴν

158 3219 264 3277 ἑαυτοῦ
284 3220 401 3290 σκηνήν,
420 3237 491 3289 quae
510 3224 560 3275 aut
579 3237 613 3274 ex
631 3221 685 3274 hoc
704 3220 767 3274 loco
787 3223 837 3274 aut
856 3236 889 3273 ex
908 3219 1031 3275 Polionis
1051 3221 1177 3274 historiis
1196 3224 1307 3276 desum-

156 3299 212 3364 pta
232 3295 305 3348 sunt
322 3325 355 3332 —
370 3293 545 3363 Lilybaeum]
566 3291 650 3346 hodie
669 3290 801 3346 Marsala.
815 3323 852 3330 -
870 3298 886 3345 6
905 3294 1053 3346 secuudum
1072 3293 1148 3362 litus]
1170 3293 1306 3357 Quoniam

157 3364 315 3420 secundum
338 3362 509 3434 praepositio
539 3380 557 3416 a
584 3362 725 3431 sequendo
754 3363 891 3430 orIginem
918 3364 1017 3431 traxIt,
1047 3363 1189 3432 sequimur
1213 3367 1307 3418 autem

157 3439 261 3492 euntes
287 3452 334 3490 eos
353 3435 403 3503 qui
420 3433 579 3503 praegressi
598 3434 676 3502 sunt,
694 3435 771 3488 recte
790 3436 907 3488 utuntur
925 3436 978 3488 hac
997 3433 1139 3503 particule
1158 3435 1260 3489 Caesar
1279 3441 1308 3488 et

158 3508 259 3562 Cicero
275 3507 304 3561 in
318 3504 446 3560 formulis
462 3507 494 3560 ‘a
509 3505 626 3574 flumen,
645 3525 666 3560 s.
681 3506 780 3561 mare'.
814 3506 890 3558 Caes.
907 3511 932 3572 2,
944 3511 985 3573 18,
996 3511 1019 3559 3.
1041 3513 1066 3575 7,
1077 3511 1119 3572 34,
1130 3512 1154 3558 2.
1174 3504 1213 3557 ΙΙΙ
1228 3512 1270 3572 66,
1282 3513 1306 3560 3.

158 3579 219 3634 Cic.
235 3579 294 3632 Att.
310 3582 335 3646 8,
352 3578 464 3642 iaci.
497 3583 538 3643 16,
553 3582 578 3642 8,
593 3582 618 3632 2.
657 3575 712 3631 Sed
730 3575 788 3630 iarn
807 3575 923 3630 Plautus
942 3576 1012 3630 dixit
1031 3595 1053 3630 s.
1072 3575 1139 3630 litus
1158 3576 1230 3630 eud.
1247 3581 1306 3630 149.

159 3657 228 3717 157,
247 3647 365 3704 Sisenna
383 3649 415 3703 fr.
437 3654 472 3702 54
489 3648 618 3714 fluvium,
637 3664 710 3716 quae
729 3665 750 3702 s.
769 3648 976 3702 Herculaneum
995 3649 1029 3702 ad
1048 3663 1124 3701 mere
1143 3647 1306 3716 perfluebat,

156 3721 273 3776 Asinius
286 3737 347 3790 cap.
363 3726 388 3788 3,
404 3725 417 3772 1
434 3738 455 3774 s.
470 3736 549 3773 oram
563 3720 750 3788 maritumam,
766 3725 809 3787 98,
824 3726 839 3774 2
856 3738 877 3775 s.
892 3721 994 3774 terram
1009 3720 1172 3790 provectus3
1192 3719 1307 3774 liberius

156 3794 236 3848 idem
256 3791 373 3846 Plautus
392 3808 435 3860 ap.
457 3790 542 3845 Prisc.
563 3797 605 3858 10,
620 3795 654 3844 24
673 3808 694 3845 s.
714 3792 805 3860 ipsam
825 3808 902 3844 aram
922 3808 1020 3846 aurum
1039 3790 1217 3858 abscondidi,
1244 3790 1263 3844 i.
1284 3808 1307 3845 e.

155 3880 234 3932 pone
259 3861 388 3932 (hister),
416 3866 450 3927 ut
472 3861 584 3916 Servius
604 3878 648 3930 ap.
670 3862 726 3918 Cic.
746 3862 826 3931 epist.
847 3867 961 3930 4,1a,2
986 3863 1106 3917 alterum
1131 3862 1254 3930 (vulnus)
1278 3862 1308 3914 in

157 3933 255 4004 capite
275 3951 297 3990 s.
320 3950 423 3988 aurem.
463 3963 496 3972 -
535 3939 652 4003 Ipropc
670 3936 698 4002 tt.
716 3934 800 4003 verb]
824 3950 911 4002 prope
927 3950 1076 4002 :paene3
1106 3933 1205 3988 fluctus
1225 3949 1307 3986 sensu

158 4005 314 4060 collective
334 4007 482 4074 poetarum
501 4021 591 4072 more,
620 4005 692 4059 sieut
710 4005 877 4059 verberandi
897 4021 1007 4073 quoque
1025 4005 1141 4060 verbum
1160 4006 1307 4073 poetarum

158 4077 319 4132 orationem
337 4075 478 4142 imitatum
512 4075 578 4130 Hor.
598 4076 678 4144 epod.
700 4081 744 4144 10,
763 4080 780 4128 4
799 4080 832 4130 ut
849 4077 977 4130 verberes
999 4078 1075 4131 latus
1098 4077 1200 4129 Auster
1218 4075 1307 4128 flucti-

156 4149 227 4213 bus3
254 4146 354 4203 Catull.
374 4153 417 4217 64,
434 4152 466 4201 67
486 4147 588 4202 fluetus
607 4146 793 4212 adludebant3
822 4145 906 4214 Verg.
926 4148 977 4204 ecl.
997 4154 1022 4216 9,
1036 4153 1070 4201 43
1095 4147 1198 4200 feriant
1222 4145 1307 4200 libore

158 4219 276 4287 fluctum
298 4218 377 4275 Ovid.
397 4221 462 4274 met.
485 4225 525 4286 11,
541 4225 592 4272 529
612 4219 757 4287 pulsarunt
775 4216 863 4271 ardua
881 4218 989 4272 fluctus.
1009 4250 1043 4258 —
1063 4225 1079 4272 8
1097 4234 1132 4270 ne
1150 4219 1211 4287 quis
1222 4261 1228 4273 .
1241 4261 1246 4273 .
1258 4261 1264 4273 .
1276 4223 1308 4270 ut

159 4291 265 4358 omnes]
293 4306 377 4360 saepe
396 4291 510 4344 Asinius
537 4292 680 4344 rhetorum
706 4288 825 4342 artificio
848 4306 914 4341 usus
939 4289 1056 4342 eandem
1074 4289 1244 4343 sententiam
1263 4288 1307 4342 bis

159 4362 313 4430 expressit,
332 4367 361 4416 et
380 4363 471 4416 forma
489 4361 658 4416 affirmativa
677 4362 706 4414 et
724 4360 870 4428 negativa,
889 4358 978 4414 veluti
1000 4368 1022 4428 1,
1037 4366 1054 4414 4
1072 4376 1128 4413 non
1147 4361 1307 4414 deterreba-

157 4433 442 4500 tur..‚confidebat;
463 4440 505 4502 18,
524 4440 542 4486 4
560 4430 761 4488 contenderent
778 4447 868 4500 neque
886 4429 1069 4487 remitterent.
1107 4430 1147 4486 cf.
1164 4433 1200 4486 ad
1219 4438 1262 4500 20,
1283 4438 1306 4485 1.

158 4504 206 4559 De
226 4505 304 4572 ‘quis
319 4547 325 4558 .
342 4547 348 4560 .
364 4544 370 4560 .
385 4505 552 4574 quicquem’
574 4505 608 4560 cl.
629 4503 737 4570 Anien,
758 4505 837 4558 stud.
856 4521 878 4556 a.
898 4503 948 4557 lat.
967 4502 1013 4559 Gr.
1034 4503 1073 4557 Ill
1092 4522 1119 4572 p.
1142 4509 1192 4558 198
1204 4523 1244 4572 sq.

218 4604 308 4644 Bellum
321 4605 433 4644 Africum.
1079 4599 1092 4644 Ῑ
