3260 5140
597 388 714 444 INDEX
733 387 946 447 VERBORUM.
1286 389 1354 454 235

291 562 393 604 333113.
428 547 486 602 3311
505 563 537 602 33
556 547 660 618 singuli
678 548 714 603 de
732 566 801 618 rupe
820 547 932 618 prodire
952 552 1035 618 50,.3

291 618 385 674 ratio.
421 620 450 673 id
476 621 530 674 hac
555 567 663 674 ratigone
691 567 784 691 [opusp
799 620 956 674 instruebat
944 620 1040 690 t],ut
1067 623 1113 688 51,
1128 624 1153 672 3.
1191 619 1275 690 [11333
1300 621 1356 675 1313

199 691 277 746 ratio
298 688 435 772 Scipionis
454 705 488 744 eo
507 689 554 745 die
573 690 742 773 proeliandi]
763 697 805 758 59,
821 697 895 746 5.-
910 690 935 744 si
949 692 1045 773 posset
1059 691 1155 759 aliqua
1169 695 1213 746 rat
1214 694 1277 746 ione
1290 708 1353 760 per·

201 762 270 817 duci
289 761 325 816 ad
345 762 405 816 sani
406 763 578 829 t,.atem41
616 761 667 828 331,
687 759 711 814 31
729 766 838 831 posset,
863 762 961 816 eadem
981 761 1103 830 ratione,
1127 779 1182 831 qua
1200 761 1355 818 adversarii

260 831 377 902 .‚inter
396 834 503 901 equites
522 849 587 888 suos
608 834 853 902 interponerentur
871 839 915 902 90,
930 841 960 899 1;
985 839 1029 900 69,
1042 839 1067 888 4.
1105 849 1168 888 cum
1186 833 1353 902 persuadere

200 875 282 960 hulla
304 902 413 958 ratione
437 903 531 973 quiret
555 908 695 971 81,1.-
719 904 836 972 vellem,
857 904 987 959 hominen
1010 927 1045 952 ω
1068 919 1146 960 meae
1170 903 1297 958 lenitatis
1321 944 1354 959 ..

201 975 343 1030 rationem
367 975 531 1030 habuissent
555 981 598 1043 54,
613 981 638 1029 9.
658 1005 691 1016 -
711 990 768 1029 3011
790 977 834 1030 333
856 975 918 1030 visa
940 974 1014 1030 ratio
1035 1016 1041 1029 .
1061 1018 1067 1030 .
1088 1017 1094 1030 .
1114 975 1305 1031 commorandi
1324 981 1354 1043 53

202 1052 288 1114 49,1.
324 1044 437 1116 longius
455 1063 513 1102 non
531 1046 591 1100 sine
610 1047 719 1101 ratione
737 1063 794 1101 aon
813 1046 985 1117 procedebat
1004 1051 1047 1113 58,
1061 1051 1086 1100 4.

292 1117 413 1173 3033110.
445 1118 529 1172 modo
539 1121 736 1186 procurrerent
745 1119 827 1172 modo
839 1118 1002 1172 recederent
1016 1124 1058 1182 11,
1071 1123 1093 1171 1.
1106 1135 1183 1172 —ex
1197 1118 1259 1172 acie
1274 1123 1316 1185 19,
1327 1124 1353 1172 4.

293 1202 410 1244 reeens.
448 1187 546 1244 nausia
567 1194 607 1256 18,
623 1193 647 1244 4.
685 1189 810 1258 integros
830 1187 1088 1257 recentioribusque
1107 1188 1214 1243 viribus
1235 1195 1277 1258 18,
1293 1195 1318 1243 6.

266 1260 530 1398 treceptaculum.
566 1261 652 1314 ut..
673 1260 840 1329 .praesidio
863 1261 975 1314 firmata
997 1260 1082 1315 classi
1100 1260 1278 1330 receptacula
1295 1277 1353 1314 mu·

204 1331 265 1385 nire
299 1337 315 1384 9
339 1337 355 1384 9

294 1402 478 1474 33333333,-
466 1415 526 1458 -33
563 1401 690 1471 33333331
708 1419 808 1457 canere
826 1407 871 1468 40,
886 1405 911 1458 6.

294 1473 422 1543 recipio.
464 1475 492 1543 1)
514 1490 564 1542 per
587 1474 749 1529 arbitrosa
772 1477 871 1529 333333
894 1473 975 1528 datos
999 1491 1050 1528 333
1072 1476 1236 1544 3333333333
1260 1480 1307 1541 91,
1328 1481 1353 1528 3.

204 1547 252 1614 (-·-·
271 1545 573 1612 3031333333133133333)
593 1544 751 1626 equitatum
770 1546 926 1600 intrasuas
951 1543 1120 1600 munitiones
1140 1550 1223 1613 40,.5
1260 1544 1351 1600 aciem

203 1633 299 1670 rursus
323 1614 353 1668 131
376 1617 469 1670 castra
489 1621 574 1698 30,1.
611 1613 720 1684 equites
744 1617 851 1685 recepit
873 1615 1026 1671 incolumes
1050 1622 1093 1685 66,
1108 1623 1133 1672 3.
1170 1589 1329 1698 legiones
1321 1635 1351 1670 rn

205 1689 361 1755 33333366,
376 1686 629 1744 9.-31113111333
649 1688 766 1742 naribus
786 1685 899 1759 [313113
922 1688 1033 1756 portum
1055 1686 1177 1756 receptis
1201 1695 1245 1756 (ε
1265 1687 1353 1742 13333

203 1759 308 1828 ductis)
330 1729 464 1824 ll,3-
485 1758 618 1828 Siciliam,
636 1757 813 1814 Africam..
833 1758 1082 1882 331111313333133
1101 1760 1341 1826 99,9,-(ε13

203 1831 339 1898 tramitte)
358 1828 548 1885 Salustius..
569 1847 615 1885 3
611 1801 818 1885 Oercrnrtams
842 1834 971 1898 receptus
995 1834 1082 1896 34,3.
1121 1829 1185 1912 [nec
1209 1829 1326 1909 minus.

206 1899 328 1968 moveri,
354 1919 408 1969 quo
434 1899 525 1970 magis
548 1917 579 1954 se
603 1900 722 1970 (Iubam)
745 1901 913 1972 reciperent]
938 1907 985 1968 91,
1004 1907 1029 1956 3.
1066 1874 1214 1955 1133131313
1236 1899 1351 1970 eiusque
1449 1927 1451 1930 ·

204 1973 324 2028 classem
347 1977 389 2041 98,
406 1979 430 2026 9.
467 1971 566 2027 Uticae
585 1972 772 2026 Caesarem'
751 1991 809 2027 srne
831 1988 910 2026 mora
927 1975 1073 2042 receptum
1092 1979 1135 2040 93,
1151 1980 1175 2028 3.
1213 1971 1262 2027 ubi
1287 1990 1351 2026 cum

204 2045 241 2099 ab
263 2043 363 2098 ineolis
385 2060 440 2098 non
463 2043 652 2125 reciperentur
675 2049 722 2112 31,
742 2051 767 2099 9.
804 2044 832 2112 9)
851 2046 941 2112 restra.
970 2061 998 2098 se
1022 2044 1146 2126 recipere
1170 2041 1353 2126 (legionarios

204 2115 345 2170 conversis
364 2115 444 2184 equis
460 2114 638 2184 [reo1p1cutes
653 2117 698 2183 (
713 2132 747 2168 33
765 2113 900 2184 recipient
902 2131 930 2169 es
932 2115 955 2187 )]
970 2115 1133 2171 novissimos
1148 2113 1253 2170 adoriri
1269 2120 1311 2180 18,
1323 2122 1352 2179 9,

204 2188 242 2253 cf.
262 2185 328 2240 bell.
347 2185 427 2240 Alex
446 2192 490 2254 61),
504 2190 521 2239 4
544 2186 694 2255 adgressus
717 2186 845 2254 equitatu
864 2186 1033 2255 legionarios
1052 2204 1082 2241 33
1100 2185 1268 2256 recipientes
1288 2203 1352 2240 con·

144 2277 155 2294 ·
203 2257 742 2338 313133303133111103...1333113333
762 2275 878 2311 rursus
898 2273 962 2313 ser
982 2263 1025 2326 96,
1041 2263 1065 2313 5.
1086 2262 1164 2324 33,.6
1185 2264 1263 2326 63,5.
1284 2261 1353 2325 86,9

204 2331 300 2399 (aliter
322 2333 410 2396 30,1,
437 2329 601 2383 1301133333
627 2326 716 2383 aciem
741 2328 865 2397 recipere
890 2330 923 2383 313
945 2345 974 2382 re
996 2331 1107 2398 saeptus
1129 2331 1208 2396 facto
1230 2330 1353 2396 31131133)

203 2417 300 2454 131333
319 2415 349 2454 33
368 2399 493 2469 recipere
512 2400 603 2470 (Iuba)
622 2405 665 2466 96,
681 2405 705 2454 5.
742 2415 777 2454 33
796 2401 903 2454 tectum
922 2397 1045 2468 quidem,
1065 2415 1129 2469 quo
1148 2417 1178 2454 se
1198 2400 1355 2468 reciperent

204 2477 289 2538 96,.3
327 2471 391 2524 1133
411 2487 500 2526 cum.
521 2488 576 2526 .se
595 2471 732 2540 recepisse
756 2477 821 2538 9,9.
858 2471 1042 2525 Adrumetum
1061 2478 1103 2539 33,
1118 2477 1142 2524 5.
1161 2475 1206 2526 43.
1242 2469 1353 2538 Uticam

124 2593 127 2600 .
205 2548 290 2610 97,1.
328 2543 369 2596 ad
388 2545 480 2597 eastra
505 2549 548 2612 68,
562 2548 588 2597 4.
613 2548 655 2612 18,
670 2548 695 2596 9.
731 2541 833 2597 leniter
858 2543 894 2596 ad
918 2558 981 2596 suaa
1004 2513 1173 2596 munitiones
1198 2547 1279 2608 18,5.
1317 2529 1353 2596 ad

205 2631 258 2669 sua
276 2612 420 2683 praesidia
440 2621 480 2681 11,
496 2620 520 2669 9.
554 2613 589 2668 ad
605 2630 656 2668 sua
670 2615 751 2684 signa
770 2620 812 2682 16,
829 2620 854 2668 6.
886 2615 922 2667 ad
940 2612 1062 2682 reliquas
1077 2614 1182 2668 bestias
1197 2612 1353 2683 (elephans)

205 2688 290 2752 311,
327 2685 447 2740 nosnos
468 2691 549 2753 111.
570 2691 652 2751 rue.
673 2688 755 2752 aas.
792 2685 938 2739 inensem
958 2689 1040 2751 133.
1063 2689 1147 2752 rae.
1167 2689 1249 2752 333.
1269 2689 1353 2749 331.

205 2755 275 2825 iuga
301 2771 330 2810 se
353 2756 382 2810 in
408 2755 774 2825 333313333131311399,3.
800 2761 887 2822 66,4.
923 2754 953 2808 13
980 2755 1114 2825 oppidum
1140 2761 1223 2825 85,9.
1260 2754 1354 2810 intra

207 2825 376 2882 munitiones
399 2834 443 2895 31,
459 2832 483 2883 1.
498 2834 522 2882 9.
560 2827 635 2882 intra
657 2831 752 2897 portas
776 2832 864 2896 89,1,
890 2857 921 2866 -
946 2845 980 2880 ex
1003 2825 1111 2896 proelio
1134 2843 1163 2882 se
1187 2829 1354 2897 receperunt

207 2904 251 2967 85,
265 2905 291 2954 8.
310 2929 345 2938 -
363 2916 419 2967 quo
437 2899 510 2968 pede
529 2915 558 2952 se
576 2898 732 2968 reciperent
750 2899 786 2952 ab
804 2900 887 2952 hoste
907 2902 948 2966 11,
966 2904 988 2952 1.

297 2984 417 3028 333330.
452 2974 578 3025 13333313
598 2971 721 3025 exercitu
740 2975 782 3038 61,
797 2975 822 3024 9.

296 3041 392 3098 reeta.
429 3041 458 3096 in
478 3045 570 3096 eastra
589 3040 685 3112 lugere
704 3047 748 3109 40,
763 3049 787 3096 9.
825 3056 859 3094 ex
876 3040 977 3096 itinere
996 3060 1018 3097 r.
1037 3041 1163 3097 subsidio
1181 3041 1239 3097 suis
1261 3058 1355 3098 occur-

206 3115 273 3166 runt
293 3117 373 3182 18,1.

295 3198 455 3253 recupero.
493 3184 658 3253 recuperata
676 3183 869 3252 quinqueremi
888 3202 952 3238 oum
971 3183 1029 3238 suis
1048 3183 1170 3254 epibatis
1190 3190 1233 3252 83,
1248 3189 1273 3239 3.

296 3269 416 3311 3301130.
452 3256 530 3311 33113
550 3271 646 3310 331331
664 3259 811 3310 recusante
831 3261 874 3324 90,
889 3263 914 3311 3,

297 3327 402 3383 redde.
440 3328 473 3380 nt
491 3325 545 3381 ribi
563 3327 696 3396 coniuges
715 3327 874 3396 liberosque
897 3327 1048 3382 redderent
1066 3333 1108 3394 91,
1124 3333 1149 3382 3.
1168 3358 1201 3367 -
1221 3324 1293 3380 nibil
1312 3342 1353 3380 re·

208 3396 305 3468 sponsi
323 3398 437 3452 reddere
457 3403 500 3464 91,
514 3402 539 3453 4.

297 3469 399 3526 redeo.
437 3439 607 3539 (rulsusr.
629 3474 669 3537 11,
685 3475 710 3523 3.
730 3476 772 3535 39,
787 3475 812 3525 9.
833 3475 875 3536 16,
890 3472 917 3540 9)
936 3469 1089 3539 Ruspinam
1109 3475 1173 3537 9,.9
1207 3468 1243 3524 ad
1262 3471 1355 3522 castra

209 3545 291 3608 16,.9
329 3541 365 3594 ad
384 3541 541 3612 [oppidum]
562 3511 717 3623 Ruspirlam
737 3545 818 3607 11,.3
855 3542 1087 3610 3313333339
1123 3541 1154 3594 13
1177 3542 1353 3608 33331333.

208 3617 251 3681 67,
267 3618 344 3669 9.-
312 3614 451 3682 -(33111)
469 3629 521 3667 nee
540 3612 693 3695 comminus
712 3611 748 3667 ad
767 3629 865 3668 manus
883 3613 1020 3669 rediretur
1040 3583 1082 3679 l8,
1096 3619 1121 3666 4.

297 3683 425 3740 33111130.
462 3682 512 3754 qui
530 3699 626 3739 eorum
643 3683 705 3752 1333
723 3699 773 3739 333
791 3685 865 3739 bona
882 3682 1049 3740 redemisset
1067 3690 1149 3752 90,1.
1220 3731 1222 3738 .

297 3754 486 3822 redintegro.
514 3753 660 3837 3303113111
681 3760 763 3823 18,3.

297 3826 420 3882 reduco.
458 3825 553 3896 copias
578 3831 664 3893 15,9.
705 3826 842 3895 paulatim
867 3826 976 3881 reducit
1000 3842 1064 3879 suas
1088 3825 1185 3896 copias
1208 3825 1238 3880 in
1261 3827 1355 3882 castra

208 3903 291 3966 39,1.
319 3897 443 3952 reductis
462 3897 543 3969 [suis]
564 3897 699 3966 33311313
718 3899 811 3952 333313
829 3903 872 3965 49,
887 3904 916 3966 9;
936 3903 979 3967 61,
993 3903 1018 3951 4.
1039 3903 1082 3965 16,
1097 3905 1122 3951 9.
1151 3897 1276 3967 legiones
1290 3915 1353 3966 pro-

209 3969 308 4023 ductas
331 3987 394 4052 cum
418 3969 577 4037 elephantis
595 3992 632 4017 ω
649 3969 759 4024 reducit
777 3968 805 4022 iu
825 3970 918 4023 castra
942 3974 1354 4038 10,1;13,4.31331333333

207 4039 881 4098 311333311333333313331311133..,33113111
868 4045 980 4108 10,5
1018 4039 1054 4093 ab
1075 4057 1107 4095 eo
1125 4057 1209 4109 opere
1223 4057 1330 4096 cum..

208 4111 305 4182 copias
323 4112 353 4166 13
371 4114 464 4166 eastra
481 4112 625 4168 reduceret
644 4111 915 4179 69,1.3131313313
934 4083 1010 4168 intra
1027 4110 1197 4166 munitiones
1217 4116 1259 4180 61,
1276 4118 1300 4165 9.

297 4183 412 4239 331030.
448 4199 537 4239 curn.
584 4181 670 4240 .eius
694 4199 849 4238 sermonem
873 4182 1352 4255 3333133[3(133]1313313361,9,

208 4285 241 4295 -
262 4271 292 4310 se
310 4253 457 4324 pecuniam
476 4255 581 4310 multae
600 4255 713 4310 nomine
732 4254 886 4310 relaturum
905 4260 986 4335 90,1.

297 4326 406 4381 refert.
443 4327 545 4381 referre
562 4326 759 4393 arbitrabatur,
775 4326 931 4382 cuiusmodi
946 4325 1004 4381 vict
1006 4325 1067 4380 3113
1080 4326 1155 4385 esset
1168 4325 1262 4380 futura
1275 4329 1318 4394 31,
1329 4331 1354 4382 9.

297 4397 415 4453 3311310.
452 4395 633 4471 legiones..
653 4399 758 4453 ,iubet
775 4396 919 4466 (medicos)
938 4414 972 4451 ex
990 4396 1126 4466 languore
1144 4397 1298 4466 nausiaque
1312 4413 1354 4456 33·

206 4470 291 4525 ficere
310 4475 353 4536 34,
368 4475 393 4523 6.
430 4472 461 4524 33
478 4461 577 4524 reiecti
596 4470 694 4526 castris
714 4486 807 4524 rursus
826 4486 855 4524 33
873 4469 1057 4524 defenderent
1075 4473 1118 4537 85,
1132 4475 1158 4528 4.
