3312 5130
592 421 596 428 .
671 369 861 428 ιιιιιιιιιιιι.
1272 377 1333 440 151

193 540 382 602 statuamus.
427 535 567 620 Novem,
591 559 672 620 quse
696 540 926 602 enumerantur
948 560 1017 622 esp.
1037 539 1080 603 60
1102 540 1264 625 legiones,
1287 542 1335 605 ita

191 627 407 711 explicantur,
441 625 526 709 quod
560 625 655 690 ιιιιιιιι
688 626 828 711 legionis
866 627 1016 692 cohortes
1050 628 1203 711 praesidii
1236 651 1335 694 causa

190 716 369 800 Ruspinae,
400 714 509 798 Lepti,
541 713 677 799 Acyllae
710 715 887 779 collocatae
920 720 1022 781 erant.
1078 716 1113 782 si
1146 740 1221 782 vero
1257 720 1329 802 quis

192 805 300 870 decem
325 803 476 870 cohortes
500 825 565 868 non
589 803 754 868 suffecisse
778 804 863 868 dicat
887 805 1073 870 obtinendis
1098 806 1235 892 oppidis,
1258 829 1334 873 non·

192 894 301 960 nullas
320 915 435 959 novem
454 893 585 956 illarum
603 893 770 978 legionum
788 914 855 956 non
873 894 987 977 plenas
1006 895 1106 959 fuisse
1125 897 1333 961 statuendum

192 984 259 1049 erit.
310 982 383 1067 ,011
415 1003 456 1046 ne
489 981 557 1046 doit
544 986 643 1065 tpes
677 981 851 1046 ιιιιιιιιιιι
838 1005 857 1046 a
886 983 960 1068 plus
994 984 1032 1048 de
1065 985 1153 1050 3600
1185 985 1332 1050 hommes

190 1032 337 1137 leffectil'
352 1092 470 1154 moyen
489 1070 528 1134 de
547 1093 599 1135 ces
619 1071 774 1154 legionsf‘
806 1069 920 1136 Stoffel
939 1071 973 1135 ΙΙ
987 1073 1061 1138 284.
1095 1071 1187 1149 Quod
1202 1075 1287 1161 scrip
1290 1076 1334 1139 sit

189 1162 299 1226 Tissot
325 1159 462 1225 11757:
500 1158 551 1241 ,11
579 1160 700 1224 results
668 1160 771 1225 tde
800 1161 965 1225 differents
996 1183 1153 1247 passages
1182 1164 1225 1228 du
1252 1099 1333 1229 lipvre

189 1274 243 1315 sur
272 1252 305 1314 la
333 1248 457 1314 Guerre
486 1210 652 1332 d'Afrique
682 1271 744 1332 que
772 1250 820 1313 les
849 1249 952 1314 forces
983 1251 1021 1315 de
1045 1248 1163 1338 (le'sar,
1196 1253 1276 1317 dans
1300 1255 1333 1318 la
1403 1299 1405 1302 -

188 1339 333 1404 derniere
361 1338 493 1421 periode
521 1337 560 1402 de
588 1338 621 1401 la
645 1359 836 1424 campagne,
866 1360 900 1402 se
924 1342 1147 1422 composaient
1153 1303 1208 1405 'de
1232 1342 1332 1407 douae

187 1429 332 1514 legions,
369 1427 417 1491 les
449 1427 482 1490 II
514 1425 544 1490 V
577 1426 642 1491 VII
674 1425 755 1490 VIII
787 1425 884 1492 VlIlI
916 1427 946 1491 X
979 1427 1060 1493 XIII
1045 1429 1190 1494 ΙΧΙΠΙ
1222 1431 1332 1496 XXVI

187 1516 333 1582 XXVIII
351 1514 514 1581 XXVIIII
537 1515 652 1580 XXX“
652 1538 744 1601 ,non
764 1516 844 1580 setis
863 1516 966 1581 firmis
984 1518 1103 1583 nititur
1122 1523 1294 1604 argument
1295 1521 1331 1586 ιι.

187 1608 285 1672 Ριιιι
271 1611 360 1671 ιιιιι
383 1604 584 1689 disceptatur
603 1605 641 1669 de
664 1607 807 1669 numeris
827 1605 1027 1690 legionum
1017 1630 1051 1670 ιιι
1071 1608 1235 1673 codicibus
1254 1610 1329 1693 plus

187 1719 250 1761 uno
280 1697 353 1761 loco
384 1695 559 1779 corruptis.
593 1716 657 1777 qua
688 1694 726 1757 de
757 1717 791 1759 re
820 1717 892 1759 eum
921 1694 980 1760 Ott
951 1698 1000 1760 tto
1029 1695 1216 1762 Hirschfeld
1240 1720 1330 1783 spem

185 1784 282 1851 nobis
305 1783 419 1848 fecerit
442 1805 478 1847 se
501 1783 649 1867 proximo
674 1804 758 1849 enno
781 1782 1027 1871 inquisiturum,
1052 1787 1182 1852 interim
1205 1810 1274 1852 rem
1296 1786 1331 1852 in

186 1875 294 1940 medio
318 1872 500 1975 relinquere
524 1876 575 1937 sat
576 1871 627 1936 ius
651 1871 810 1938 duximus.

275 1963 459 2027 Maior't
409 1965 459 2026 nrt
461 1984 495 2026 er
530 1983 638 2026 rerum
671 1961 845 2064 scriptores
878 1961 1037 2028 dissensio
1071 1964 1110 2029 de
1142 1963 1244 2049 copiis
1276 1967 1330 2030 ad-

185 2052 419 2135 versariorum
442 2051 530 2116 fama
553 2051 638 2115 enim
658 2073 709 2116 res
733 2051 768 2115 in
787 2051 891 2116 maius
911 2055 986 2116 auct
987 2075 1006 2116 a
1025 2056 1083 2118 est
1120 2054 1190 2119 Nec
1209 2052 1331 2120 (laesor

185 2143 217 2229 ip
220 2165 256 2208 se
282 2143 380 2228 longe
405 2163 439 2206 se
462 2162 595 2204 numero
619 2140 805 2206 inferiorem
829 2163 900 2206 esse
917 2140 989 2205 mili
991 2141 1079 2207 tibus
1104 2143 1331 2230 dissimulavit,

184 2233 306 2318 quippe
329 2230 386 2316 qui
409 2229 448 2294 de
471 2229 613 2296 adventu
636 2229 785 2294 Iubae
759 2253 806 2296 src
829 2230 1105 2297 contionatust
1061 2233 1105 2297 sit
1129 2229 1231 2319 (Suet.
1256 2232 1329 2300 Div.

183 2322 244 2387 Iul.
270 2319 342 2404 66).
375 2317 516 2384 Scitote
543 2319 748 2404 paucissimis
777 2319 829 2384 his
857 2320 971 2384 diebus
999 2341 1110 2406 regem
1140 2321 1232 2387 adfut
1218 2327 1329 2387 turum

183 2433 258 2476 cum
277 2409 308 2473 X
327 2408 525 2493 legionibus,
545 2408 689 2492 equitum
708 2407 813 2493 XXX,
836 2408 917 2473 levis
938 2413 1121 2474 armaturae
1141 2409 1166 2475 0
1186 2411 1329 2497 milibus,

183 2498 350 2602 elephant
341 2521 369 2563 rs
325 2496 485 2582 tuuc,
509 2497 645 2600 proinde
669 2461 819 2562 desinant
805 2497 969 2582 tquidam
989 2519 1141 2581 quaerere
1165 2500 1214 2563 ult
1200 2504 1252 2564 tra
1272 2506 1329 2565 aut

182 2586 327 2690 opinari,
346 2587 503 2672 mihique,
523 2587 579 2671 qui
598 2591 801 2673 compertum
818 2586 938 2673 habeo,
957 2588 1179 2673 credantt3aut
1197 2588 1327 2672 quidem

182 2677 407 2744 vetustissima
429 2698 511 2741 nave
530 2676 692 2762 inpositos
712 2698 914 2760 quocumque
929 2639 1065 2743 bento
1055 2699 1090 2740 m
1109 2699 1328 2762 quascumque

181 2771 291 2833 terras
314 2765 434 2831 iubebo
458 2765 573 2830 avehi?
610 2764 770 2831 Consulto
790 2765 915 2832 scilicet
940 2787 1015 2830 suos
1035 2765 1156 2832 Caesar
1180 2771 1327 2852 expecta·

181 2857 272 2924 tione
292 2855 395 2920 erexit
408 2856 552 2920 numeris
571 2856 605 2919 in
619 2856 724 2919 maius
739 2856 915 2941 auctis,ut
878 2860 1014 2940 utpost
1029 2854 1203 2921 adventum
1222 2861 1327 2924 terror

181 2948 217 3012 in
242 2947 468 3028 contemptum
492 2948 680 3010 verteretur.
713 2946 743 3009 ιι.
766 2943 837 3010 Afr.
860 2944 918 3023 48,
942 2946 972 3011 3.
1017 2944 1242 3030 Appianusb.
1266 2947 1325 3011 civ.

181 3039 211 3122 2,
231 3035 276 3100 96
299 3037 431 3118 praeter
454 3055 508 3098 ees
532 3033 656 3117 copias,
685 3055 767 3118 quae
795 3033 929 3099 ducibus
957 3034 1102 3099 Labieno
1131 3057 1168 3100 ac
1196 3035 1326 3100 Petreio

180 3147 284 3209 prope
307 3123 488 3208 Ruspinam
513 3145 585 3187 eum
606 3121 743 3188 Caesare
767 3123 994 3209 conflixerunt,
1017 3122 1099 3236 haeq
1121 3124 1159 3188 de
1184 3125 1326 3190 exercitu

182 3213 456 3297 Pompeianorum
479 3211 635 3296 prodidit.
664 3211 704 3276 οὐ
727 3215 813 3279 πολὺ
837 3207 918 3277 δι’
897 3175 1037 3298 υσιεριον
1061 3212 1164 3279 αὐτοῦ
1187 3235 1222 3278 τε
1245 3217 1324 3278 Σκι-

179 3307 308 3378 πίωνος
330 3301 415 3366 ὀκτὼ
438 3302 542 3365 τέλεσι
570 3304 676 3379 πεζῶν
703 3298 758 3365 και
782 3298 907 3366 ἱππέων
936 3302 997 3366 δύο
1024 3303 1183 3386 μυριάσιν
1207 3297 1270 3388 (ὧν
1293 3304 1329 3367 οι
1447 3351 1455 3364 .

180 3388 301 3459 πολλοι
325 3391 448 3473 Λίβυες
470 3385 571 3476 ἦσαν)
596 3395 791 3466 πελτασταῖς
813 3413 847 3455 τι
871 3394 1006 3467 πολλοῖς
1033 3387 1087 3456 καὶ
1111 3389 1310 3476 ἐλέφασιυ’
1292 3415 1325 3468 ες

179 3481 359 3568 τριάκοντα
381 3477 662 3565 προσδοκωμένου
681 3477 901 3566 παρέσεσθαι,
925 3482 989 3544 σὺν
1009 3473 1096 3566 Ἰόβᾳ
1119 3502 1164 3544 τοι
1184 3482 1324 3592 βισιλεϊ,

179 3569 235 3637 και
259 3569 388 3658 τῷδε’
367 3591 483 3651 αγουτι
506 3572 622 3648 πεζοὺς
645 3569 766 3645 ἄλλους
789 3566 874 3652 ἀμφι
897 3570 1112 3653 τρισμυρίους
1131 3545 1224 3632 και
1209 3566 1325 3645 ιππὲας

181 3635 344 3744 Νομάδας
358 3657 391 3735 ἐς
410 3659 607 3770 δισμυρίους
624 3657 715 3723 ααι’
698 3657 892 3735 ααουιιστοις
910 3660 1053 3734 ποιλους
1070 3654 1126 3722 και
1144 3653 1325 3740 ἐλέφαντας

181 3749 340 3835 ἑξήκοντα
372 3744 519 3833 ἑτέρους,
550 3747 571 3832 ἡ
605 3748 740 3832 στρατιὰ
772 3757 832 3812 τοῦ
865 3749 1034 3833 Καίσαρος
1065 3745 1230 3832 ἐδείμαινε
1256 3752 1323 3811 κτλ.

181 3837 240 3905 οιι
226 3844 334 3904 terum
361 3859 401 3902 ne
430 3837 573 3902 numeris
602 3837 745 3939 quidem,
773 3838 828 3922 qui
856 3837 886 3902 b
909 3835 980 3900 Afr.
1007 3839 1039 3922 1,
1057 3837 1079 3900 4
1106 3836 1324 3920 proferuntur,

180 3948 380 4032 quamquam
413 3926 579 4011 aliquanto
613 3926 755 3992 minores
788 3929 877 4011 sunt,
850 3926 1006 3990 tfidem
1037 3925 1220 3990 habendam
1253 3947 1323 3990 esse

179 4020 212 4105 ip
215 4041 250 4084 se
274 4015 408 4080 Asinius
433 4015 630 4100 significavit
654 4014 794 4080 verbis
801 4038 874 4080 cum
894 4016 935 4080 ab
959 4015 1073 4080 ineolis
1093 4015 1323 4080 nuntiarentur
1363 4091 1365 4096 Ι

181 4106 266 4173 etc'·
258 4126 372 4192 ,quae
398 4105 448 4189 19,
472 4105 555 4169 3de
579 4105 690 4170 eadem
714 4127 748 4168 re
772 4105 940 4188 leguntur,
969 4106 1122 4206 pleraque
1145 4104 1323 4188 interpola-

181 4196 246 4263 tori
280 4194 391 4259 deberi
425 4157 458 4259 ιι
486 4217 524 4258 ιιι
556 4196 583 4279 1,
606 4194 628 4259 4
656 4195 848 4278 deprompta
876 4215 946 4257 esse
972 4193 1007 4257 in
1036 4193 1246 4259 adnotatione
1273 4215 1323 4259 ex-

180 4285 325 4372 positum
353 4285 412 4347 est.
388 4280 581 4348 tNobile
610 4287 667 4348 aut
669 4305 718 4346 em
751 4281 948 4346 confusionis
977 4282 1161 4365 exemplum
1188 4282 1324 4365 praebet

181 4375 428 4459 elephantorum
451 4393 614 4436 numerus
660 4370 838 4437 Universos
867 4371 952 4434 enim
981 4371 1063 4435 Iuba
1090 4370 1207 4436 habuit
1235 4395 1322 4437 sexa-

182 4465 289 4550 ginta,
312 4484 393 4546 quos
418 4460 561 4546 Scipioni
585 4461 730 4526 adduxit·
723 4465 829 4545 ,tpos
831 4483 868 4526 ea
891 4459 1030 4546 triginta
1052 4461 1155 4525 relict
1146 4483 1174 4526 ιι
1199 4457 1267 4547 (30,
1286 4459 1321 4548 2)
