3292 5132
668 407 887 464 PRAEFATIO.
1314 411 1353 465 IX

203 576 393 637 constanter
416 572 482 636 fere
510 573 645 656 praebet
668 568 698 635 A
725 567 870 658 (praeter
893 574 945 656 28,
968 574 996 638 1.
1019 570 1140 659 44,1),
1169 597 1242 638 cum
1264 575 1299 639 in
1323 574 1350 638 L
1403 644 1414 650 ,

204 662 324 746 ubique
347 660 507 746 Virgilius
536 661 690 744 scriptum
720 661 770 726 sit.
818 660 976 726 Similiter
1004 660 1203 747 ‘intelleges'
1232 686 1280 747 cp.
1309 663 1353 729 45

204 750 359 814 debemus
374 751 539 815 codicibus
559 751 634 836 ΑΡ,
655 751 705 833 16,
720 751 739 814 3
760 751 910 815 omnibus
930 755 1060 835 praeter
1074 751 1114 836 L3
1132 753 1354 838 neglegenter,

204 840 414 925 neglegentia
442 841 493 924 18,
513 840 542 904 5.
575 840 628 923 46,
647 841 677 904 4.
706 840 796 923 66,1
826 840 981 922 scriptum
1010 841 1122 905 estin
1149 842 1180 904 A
1208 843 1354 926 aliisque,

203 929 238 992 in
261 927 289 992 L
311 928 531 1014 negligenter,
557 929 768 1014 negligentia,
813 928 853 994 In
875 928 1075 1015 ‘derigendi'
1099 931 1199 995 verbo
1224 928 1361 1017 (aciem,-

203 1015 389 1103 brachium)
422 1017 557 1082 mirifice
593 1018 752 1082 fluctuant
784 1019 926 1104 codices,
962 1017 1209 1103 praeferendum
1242 1024 1354 1084 tamen

204 1129 276 1172 esse
300 1107 459 1191 derigere,
484 1107 568 1191 quod
587 1106 707 1191 ubique
730 1107 946 1190 restituimus,
969 1107 1043 1172 inde
1063 1108 1241 1194 colligitur,
1266 1111 1353 1194 quod

205 1194 239 1282 1)
264 1218 376 1261 omnes
400 1196 527 1263 codices
555 1197 647 1280 51,2
675 1197 800 1262 habent
828 1197 998 1261 brachium
1028 1196 1166 1284 erigere3
1198 1196 1233 1283 2)
1258 1199 1348 1284 59,1

202 1308 285 1350 unus
304 1284 335 1349 A
355 1285 457 1350 aciem
476 1286 612 1369 derexit3
636 1283 671 1372 3)
697 1287 748 1370 38,
768 1288 789 1352 2
812 1285 907 1351 PUF
926 1286 1094 1351 brachium
1119 1286 1235 1372 derigi,
1257 1289 1310 1373 41,
1331 1290 1352 1354 2

202 1374 296 1439 LUF
329 1375 397 1440 acie
425 1375 567 1457 derecta,
598 1376 694 1458 78,2
723 1375 816 1440 PUF
845 1375 992 1461 equitatu
1021 1376 1164 1459 derect03
1198 1374 1234 1462 4)
1264 1377 1349 1462 quod

200 1465 294 1546 26,4
318 1465 429 1529 oculos
453 1464 618 1549 depositos
638 1465 847 1550 derectaeque
870 1466 998 1529 ratione
1022 1466 1267 1530 allitterationis
1291 1466 1349 1530 ha·

200 1553 274 1618 bita
297 1554 548 1619 commandatur.
570 1591 611 1600 -
637 1553 848 1619 Accusativos
872 1555 1008 1637 pluralis
1033 1575 1145 1619 eorum
1168 1555 1347 1640 nominum,

202 1665 340 1727 quorum
367 1643 509 1728 genetivi
535 1647 652 1707 exeunt
672 1643 707 1708 in
726 1645 820 1728 ·ium,
847 1643 1021 1708 secundum
1044 1643 1189 1708 codicum
1213 1646 1350 1710 auctori·

202 1736 306 1796 tatem
334 1732 579 1797 terminavimus
607 1734 642 1796 in
666 1755 727 1817 ·00,
761 1732 863 1798 veluti
890 1755 1004 1817 naves,
1035 1732 1098 1797 etsi
1125 1731 1277 1798 Asinium
1304 1734 1352 1799 ita

203 1821 377 1905 scripsisse
400 1843 516 1903 parum
536 1822 706 1905 probabile
726 1826 789 1907 006,
812 1823 969 1887 cessimus
989 1821 1102 1887 virtuti
1126 1823 1245 1887 codicis
1268 1821 1352 1887 Ain

206 1933 272 1975 uno
292 1913 476 1976 accusativo
500 1911 600 1975 turris
625 1912 676 1996 88,
696 1910 726 1994 5,
751 1911 827 1996 quia
850 1911 884 1976 in
907 1912 969 1977 hoc
993 1911 1065 1996 ipso
1089 1911 1219 1976 nomine
1243 1914 1353 1977 termi-

204 1999 296 2064 natio
320 2000 355 2063 in
377 2001 421 2064 -is
445 2001 622 2083 praevalet.

296 2088 419 2154 Contra
450 2111 487 2154 ea
510 2089 523 2155 i
550 2113 610 2174 pro
639 2109 657 2156 e
688 2091 891 2173 reposuimus
922 2090 956 2154 in
985 2090 1084 2155 verbo
1114 2090 1230 2155 nausia
1263 2092 1352 2174 18,4

107 2268 110 2272 ,
210 2177 300 2264 (cum
321 2179 470 2243 omnibus
486 2178 680 2266 codicibus),
698 2181 785 2265 34,6
805 2201 877 2244 cum
897 2179 1012 2276 codice¹
1024 2179 1064 2264 L,
1083 2179 1118 2244 in
1137 2181 1227 2244 cuius
1242 2180 1353 2245 arche·

201 2325 282 2408 typo
316 2321 474 2406 scriptum
515 2327 585 2388 erat
621 2283 800 2407 nausiaque
836 2324 888 2387 vel
921 2284 1114 2405 nausiaque.
1169 2322 1351 2388 ‘Dilectus'

202 2411 392 2496 scripsimus
415 2413 469 2495 20,
488 2413 518 2476 4.
542 2413 632 2497 36,1
659 2435 733 2477 cum
757 2412 866 2478 codice
889 2412 925 2476 L.

291 2500 331 2565 In
361 2501 570 2585 superlativis
600 2501 613 2567 i
642 2524 702 2587 pro
732 2521 754 2566 u
782 2501 986 2566 retinendum
1017 2503 1087 2564 erat
1116 2505 1251 2587 propter
1279 2525 1352 2568 con-

203 2612 335 2654 sensum
358 2589 529 2674 librorum,
558 2613 695 2675 quorum
723 2594 831 2654 tamen
860 2590 938 2654 fides
963 2612 1061 2674 quam
1086 2590 1128 2653 sit
1151 2589 1254 2655 fallax
1276 2596 1352 2675 post

204 2677 316 2745 Caroli
354 2678 468 2766 Magni
505 2684 655 2764 tempora
691 2701 787 2744 nemo
823 2679 965 2765 ignorat.
1030 2677 1205 2762 Scripsisse
1243 2684 1351 2745 autem

201 2768 354 2833 Asinium
383 2767 611 2834 ‘maritumos'
640 2791 678 2833 ex
707 2790 745 2833 eo
770 2768 886 2852 elucet,
916 2767 1001 2852 quod
1026 2769 1116 2851 28,1
1141 2769 1176 2832 in
1198 2767 1229 2833 V
1252 2770 1352 2835 tradi-

201 2863 274 2922 tum
297 2862 349 2922 est
372 2858 583 2943 mauritumo,
612 2857 819 2942 quodquein
841 2857 872 2922 A
897 2859 987 2939 77,1
1019 2861 1189 2922 exaratum
1213 2864 1263 2923 006
1286 2882 1351 2924 ma-

202 2947 344 3011 turrima
375 2970 435 3032 pro
469 2949 652 3014 marituma
703 2945 879 3012 Decumius
898 2947 1009 3032 ’34,2
1044 2947 1187 3013 servavit
1215 2971 1296 3012 unus
1325 2948 1351 3012 L

203 3033 258 3122 (cf.
282 3037 481 3100 decumanus
507 3038 557 3119 16,
577 3039 607 3102 2.
626 3034 675 3124 3),
698 3059 852 3120 recupero
878 3038 929 3121 63,
949 3038 969 3101 3
991 3035 1061 3101 AL.

293 3147 370 3210 oet
391 3161 422 3208 u.
467 3141 569 3207 Recte
597 3145 755 3229 scriptum
784 3147 834 3208 006
858 3143 1059 3224 adulescens,
1089 3143 1350 3208 adulescentulus

203 3234 256 3311 22,
267 3234 296 3298 2.
308 3234 343 3316 33
360 3233 456 3316 23,1,
475 3233 528 3316 28,
540 3232 599 3296 23
613 3232 648 3296 in
662 3233 706 3317 Α,
724 3233 759 3296 in
769 3232 885 3297 ceteris
903 3232 970 3295 fere
986 3231 1136 3296 omnibus
1152 3232 1349 3316 adolescens,

202 3321 480 3405 adolescentulum
499 3322 533 3385 in
553 3321 663 3386 eodem
682 3322 713 3385 A
732 3318 843 3386 tamen
862 3321 995 3404 vulnus,
1014 3322 1163 3405 vulnero,
1186 3323 1350 3407 parvulus,

201 3411 379 3495 reliquum,
403 3410 493 3493 29,3
518 3433 557 3474 ex
575 3412 761 3495 corruptela
780 3410 972 3476 eliciendum
991 3415 1043 3474 est
1066 3410 1123 3474 ‘ad
1146 3410 1263 3494 ecum',
1286 3433 1351 3474 non

202 3501 244 3565 ad
269 3522 286 3564 e
311 3522 396 3564 uom.

288 3523 372 3654 ctet
395 3606 421 3654 c.
466 3586 506 3651 In
530 3587 692 3673 scriptura
716 3586 878 3653 ‘dicundi'
908 3611 981 3652 cum
1005 3589 1034 3651 A
1059 3587 1265 3652 consentiunt
1288 3587 1350 3654 UF

201 3679 313 3763 45,1,
336 3678 370 3741 in
393 3677 600 3762 regrediundi
624 3677 676 3760 50,
695 3679 716 3742 2
737 3679 765 3740 Α
790 3699 863 3742 curu
886 3677 958 3760 LP,
981 3677 1045 3741 nisi
1067 3677 1152 3742 forte
1174 3678 1208 3742 in
1232 3677 1349 3742 horum

203 3769 346 3832 lectione
371 3770 524 3850 corrupta
547 3766 628 3830 latet
650 3767 812 3833 redeundi.

289 3892 325 3958 y,
347 3893 383 3958 u,
405 3872 426 3938 i.
465 3871 547 3938 Cum
571 3895 609 3936 ex
635 3872 784 3939 Charisio
808 3868 838 3957 p.
860 3875 933 3957 100,
953 3875 996 3938 23
1017 3873 1055 3938 K.
1078 3873 1247 3938 Polionem
1271 3874 1352 3938 scia-

200 3986 274 4027 mus
299 3961 481 4046 scripsisse:
506 3961 642 4026 Vaneris
663 3963 816 4027 antistita
835 3962 976 4046 Cuprus,
999 3965 1019 4027 i.
1040 3986 1065 4027 e.
1086 3962 1227 4048 Cyprus,
1250 3985 1354 4027 sacer-

200 4053 258 4117 dos
282 4048 464 4138 (ministra)
483 4049 634 4136 Veneris,
657 4073 753 4116 nemo
774 4051 945 4116 mirabitur
963 4054 993 4136 2,
1013 4053 1042 4116 6.
1068 4054 1135 4136 3,1
1161 4053 1193 4116 in
1218 4052 1350 4134 optimis

199 4141 366 4206 codicibus
389 4141 546 4205 traditum
566 4163 637 4205 esse
656 4137 828 4225 Clupeam,
853 4139 1001 4225 Clupeis,
1023 4163 1088 4205 non
1108 4139 1266 4222 Clypeam
1291 4145 1348 4205 aut

199 4228 360 4314 Clipeam3
389 4228 579 4308 ‘Lilubaei',
607 4229 693 4313 quod
721 4231 793 4314 quis
821 4229 934 4294 eadem
961 4230 1089 4294 ratione
1121 4229 1219 4293 scribi
1250 4253 1345 4314 opor·

197 4320 300 4383 tuisse
316 4319 447 4403 dixerit,
470 4341 528 4383 nec
543 4319 617 4383 vola
635 4340 693 4382 nec
709 4318 884 4404 vestigium
908 4317 953 4402 (1,
970 4321 997 4382 1.
1016 4320 1046 4400 2,
1062 4319 1090 4382 2.
1110 4319 1162 4402 34,
1176 4319 1206 4382 4.
1226 4319 1278 4402 37,
1295 4316 1345 4404 1),

195 4409 421 4473 inconstanter
439 4409 469 4472 A
488 4407 703 4472 Adrumetum
722 4408 796 4492 3,1.
815 4408 912 4491 24,1.
931 4408 988 4490 43,
1012 4407 1227 4490 Adrymetum
1242 4409 1294 4492 33,
1319 4410 1349 4473 3.

198 4498 250 4582 62,
269 4497 303 4580 5,
331 4519 414 4562 unus
438 4501 549 4562 tamen
574 4501 662 4562 recte
689 4497 789 4562 habet
812 4495 1002 4582 ‘hybridus'
1029 4498 1080 4580 19,
1099 4498 1134 4580 3,
1161 4496 1247 4562 falso
1278 4497 1348 4562 ubi-
