3260 5140
566 379 681 436 INDEX
698 381 911 440 vnessoaun.
1248 386 1312 452 237

163 561 216 612 que
246 544 355 613 equites
383 543 565 613 reppulerunt
592 550 635 612 87,
655 547 679 596 5.
721 545 806 614 (curn)
835 561 930 598 rursus
956 545 992 599 ab
1015 543 1158 627 equitibus
1180 547 1209 601 in
1233 548 1312 620 oppi-

163 617 229 669 dum
253 616 455 684 repellerentur
482 621 512 682 6,
525 619 549 669 6.
597 614 702 684 repulsi
730 617 760 670 et
787 615 907 670 coniecti
936 617 1016 670 erant
1042 619 1118 672 intra
1142 617 1312 674 munitiones

163 693 188 756 6,
200 693 229 812 14.
261 688 337 811 usstra
354 685 469 742 ultimos
489 686 574 741 colles
591 687 686 742 hostes
707 692 748 754 18,
764 693 789 743 4.
827 703 874 741 eos
893 688 1024 755 usquein
1043 691 1136 744 castra
1153 692 1232 760 regia
1247 707 1311 760 rep·

161 775 200 826 pu
213 775 280 812 erun
313 762 356 824 52,
371 765 396 812 3.
615 755 621 769 '

252 829 390 898 repudio.
428 830 513 898 (cum)
533 827 725 883 condicionem
743 827 941 898 repudiassent
959 835 1002 899 25,
1016 837 1041 886 3.

252 913 399 969 repugno.
437 905 480 969 15,
495 907 519 954 3.
539 905 582 967 51,
597 905 622 956 o.
642 905 684 968 55,
700 906 724 954 1.
762 899 974 968 foresteriae
1012 903 1217 971 5511151514.

252 973 389 1039 requiro.
426 971 526 1026 ducem
544 976 587 1039 86,
602 977 626 1025 4.
659 971 836 1041 imperatorie
852 972 999 1027 consilium
1020 978 1061 1042 10,
1073 979 1098 1028 2.
1114 1005 1147 1015 -
1163 978 1309 1043 (3551551

162 1044 291 1114 cogitare)
310 1043 407 1096 mirari
426 1045 455 1096 et
473 1041 614 1111 requirere
633 1048 717 1110 35,1.

252 1128 313 1169 res.
351 1117 395 1185 (=
410 1115 550 1180 fortunae,
569 1115 650 1181 bona)
669 1112 797 1168 omnibus
811 1114 894 1168 rebus
909 1129 943 1169 5ο
957 1115 998 1184 (in
1012 1119 1121 1186 pyram)
1138 1119 1308 1173 coacervatis

161 1192 204 1256 91,
219 1191 245 1241 2.
282 1185 312 1240 in
330 1184 422 1239 medio
441 1184 501 1239 foro
521 1227 527 1239 .
547 1226 555 1240 .
574 1227 579 1240 .
598 1185 726 1240 omnibus
744 1185 826 1240 rebus
841 1201 938 1240 eorum
952 1186 1092 1255 congestis
1112 1193 1155 1257 87,
1170 1195 1195 1243 2.
1228 1206 1312 1257 pecu-

159 1259 237 1311 niam
257 1255 469 1324 rarissimasque
483 1273 527 1311 res
542 1262 585 1323 91,
602 1262 625 1310 1.
640 1287 675 1298 -
689 1273 823 1325 magnum
836 1273 983 1311 numerum
997 1258 1139 1327 frumenti,
1159 1277 1309 1328 armorum,

159 1328 290 1396 telorum,
310 1330 465 1382 ceterarum
483 1344 576 1382 rerum
595 1367 602 1380 .
618 1369 646 1383 ..
667 1327 807 1382 habuerat
825 1332 907 1394 89,1.
945 1345 975 1384 se
993 1346 1037 1383 res
1057 1333 1217 1400 conplures,
1237 1348 1310 1400 quae

159 1399 247 1454 utiles
266 1397 340 1454 bello
361 1401 425 1466 sint,
446 1398 704 1454 subministraturos
724 1403 806 1467 74,1.
843 1399 874 1452 in
892 1399 967 1467 quod
986 1400 1155 1471 (castellum)
1174 1407 1307 1458 1515515-

158 1489 214 1539 111,
235 1487 306 1538 quae
325 1469 361 1525 ad
375 1470 482 1526 bellum
498 1470 560 1524 usui
573 1469 664 1524 solent
678 1485 749 1538 5115,
768 1472 985 1538 conportaverat
1004 1477 1047 1541 36,
1062 1478 1087 1528 4.
1125 1474 1216 1542 rebus,
1236 1491 1308 1542 quae

159 1544 195 1596 ad
219 1542 326 1597 victum
349 1539 444 1611 parari
467 1543 571 1608 solent,
596 1539 734 1610 corruptis
757 1546 800 1595 43.
824 1545 868 1608 47,
883 1548 907 1596 6.
943 1559 996 1597 1155
1018 1543 1191 1612 mancipium
1215 1561 1308 1614 neque

158 1613 247 1667 ullam
265 1629 334 1680 rem,
353 1629 424 1681 quae
439 1611 502 1668 usui
517 1611 602 1666 militi
616 1630 676 1667 esse
692 1611 844 1680 consuerit,
863 1614 892 1666 in
907 1627 991 1668 nares
1005 1613 1104 1684 inponi
1122 1622 1165 1682 47,
1176 1622 1200 1670 3.
1233 1617 1307 1670 unde

158 1685 258 1754 aquari
276 1681 447 1752 reliquisque
466 1683 549 1738 rebus
568 1683 709 1738 sublevari
723 1685 873 1738 consuerat
886 1689 927 1749 41,
940 1691 964 1738 2.
992 1685 1164 1740 frumentum
1178 1687 1208 1740 et
1221 1703 1306 1755 quae-

157 1772 278 1824 cumque
293 1757 362 1826 [res]
377 1757 417 1810 eis
431 1757 612 1824 suppeterent
625 1760 668 1823 33,
686 1762 707 1809 1.
724 1785 758 1795 -
773 1753 869 1809 divina
883 1773 913 1809 rs
927 1754 1004 1811 facta
1018 1762 1061 1823 86,
1071 1763 1097 1811 3.
1109 1789 1141 1797 -
1152 1762 1198 1828 (=
1208 1761 1304 1827 causo)

158 1829 194 1883 ob
214 1845 262 1882 eas
281 1845 350 1881 151.
371 1869 377 1881 .
396 1870 403 1881 .
424 1826 460 1880 ab
479 1827 602 1880 exercitu
621 1843 684 1880 meo
702 1828 732 1880 te
746 1841 876 1881 removeo
896 1831 938 1892 54,
953 1833 978 1881 4.
1001 1827 1306 1900 [31,5].-51111111111

155 1899 242 1954 rebus
262 1896 476 1967 diligentissime
495 1897 656 1952 constitutis
675 1902 718 1966 38,
733 1903 758 1953 3.
796 1896 839 1951 his
862 1898 944 1952 rebus
967 1899 1155 1966 351111981.
1193 1902 1305 1969 legatos

159 1971 194 2026 de
213 1969 259 2024 his
277 1970 360 2024 rebus
471 1969 588 2024 mittunt
606 1974 649 2036 92,
665 1973 688 2024 1.
727 1968 848 2037 amplius
871 1968 906 2024 de
925 1986 1007 2024 5515
1026 1986 1109 2040 agere
1129 1977 1212 2038 88,2.
1249 1989 1308 2027 rem

159 2043 230 2112 (res)
249 2057 355 2110 gerere,
373 2041 429 2096 oid.
446 2055 521 2109 gero.
537 2039 641 2094 accidit
653 2057 697 2094 151
712 2038 886 2094 incredibilis
905 2046 930 2108 6,
945 2045 969 2096 3.
989 2047 1032 2109 47,
1049 2046 1072 2097 1.
1110 2042 1212 2111 quibus
1225 2043 1308 2097 rebus

156 2113 282 2182 cognitis
308 2117 351 2180 25,
366 2117 391 2166 4.
415 2116 464 2180 55,
483 2117 508 2166 2.
550 2113 583 2165 ut
606 2109 713 2180 aliquid
737 2110 791 2166 sibi
814 2127 848 2164 ex
870 2128 903 2164 ea
925 2129 955 2165 15
979 2113 1066 2167 auxili
1088 2116 1201 2182 pareret
1224 2121 1267 2182 88,
1283 2123 1307 2168 6.

156 2202 214 2254 qua
234 2201 268 2239 511
286 2198 316 2237 15
336 2181 438 2237 Caesar
460 2183 615 2237 commotus
634 2188 677 2250 46,
693 2187 718 2238 4.
739 2214 772 2223 -
792 2183 838 2251 (=
856 2185 1032 2250 necessitudo,
1055 2186 1138 2253 ratio,
1160 2189 1308 2256 coepertum)

156 2255 181 2310 si
201 2273 246 2310 res
266 2254 404 2324 coegisset
425 2259 507 2322 42,1.
545 2255 646 2322 quibus
670 2255 752 2309 rebus
772 2251 892 2323 Scipio.
913 2295 919 2307 .
939 2295 945 2308 .
965 2255 1060 2309 mirari
1085 2261 1167 2324 35,1.
1205 2256 1307 2324 quibus

155 2327 242 2382 rebus
262 2325 401 2380 attenuati
419 2331 462 2393 47,
479 2332 503 2380 5.
541 2324 641 2380 Alieno
660 2325 694 2378 de
714 2325 843 2379 omnibus
857 2323 940 2378 rebus
955 2327 1094 2396 praecipit
1113 2333 1138 2394 2,
1153 2334 1179 2384 3.
1199 2359 1231 2367 -
1252 2327 1306 2382 sibi

155 2401 273 2466 suisque
301 2398 383 2451 rebus
413 2398 457 2466 (--=
477 2397 574 2466 regno)
603 2397 706 2451 timens
735 2396 825 2465 (Iube)
848 2399 890 2461 25,
909 2401 932 2449 5.
962 2427 996 2438 -
1026 2401 1072 2467 (=
1091 2400 1307 2467 emolumenturn,

155 2471 336 2536 cornmodum)
360 2485 431 2537 quos
455 2468 665 2522 arbitrabantur
689 2467 746 2522 suis
769 2466 851 2521 rebus
875 2466 1060 2522 amicissimos
1084 2474 1127 2532 35,
1142 2475 1167 2524 2.
1205 2469 1307 2523 fidissi-

154 2558 218 2596 mos
239 2541 297 2595 suis
314 2539 397 2594 rebus
415 2538 603 2608 Thapsitanos
624 2545 667 2607 79,
682 2545 706 2593 2.
728 2571 757 2578 -
780 2543 861 2608 (qaae
879 2555 929 2603 res,
947 2540 1013 2594 boec
1030 2555 1073 2594 res
1092 2565 1125 2585 =
1144 2542 1225 2609 quod,
1243 2541 1305 2608 boc)

154 2629 294 2682 quaeres
313 2629 375 2666 cum
395 2609 590 2664 animadversa
609 2611 683 2664 51151
706 2617 730 2677 6,
746 2615 776 2675 2;
798 2610 880 2664 simil.
900 2615 942 2677 22,
958 2615 981 2665 3.
1006 2615 1049 2678 24,
1066 2617 1090 2665 3.
1114 2616 1157 2678 33,
1173 2619 1197 2665 2.
1222 2616 1265 2678 40,
1281 2620 1305 2667 2.

154 2691 198 2753 52,
214 2691 241 2739 3.
261 2689 304 2751 56,
319 2689 343 2738 3.
367 2688 410 2748 68,
425 2688 449 2736 3.
475 2687 517 2749 72,
533 2687 556 2735 1.
571 2687 596 2736 4.
612 2686 636 2737 5.
662 2685 703 2748 75,
718 2687 745 2736 4.
782 2679 883 2749 quibus
902 2680 1011 2734 miseris
1030 2698 1064 2736 ea
1081 2698 1125 2736 res
1143 2699 1232 2750 parvo
1250 2683 1307 2737 fuit

153 2753 299 2825 praesidio
319 2759 361 2822 85,
377 2761 400 2808 6.
428 2754 483 2807 bac
501 2769 531 2806 re
550 2753 744 2807 animadversa
763 2757 804 2819 18,
819 2759 844 2805 3.
872 2752 926 2806 hac
942 2768 972 2805 re
987 2751 1102 2820 cognita
1121 2758 1163 2821 11,
1178 2759 1203 2808 2.
1224 2760 1266 2821 12,
1277 2761 1303 2810 2.

154 2828 259 2897 quibus
277 2826 360 2880 rebus
379 2824 499 2894 cognitis
518 2829 598 2890 31,1.
618 2830 662 2892 33,
677 2830 701 2877 3.
726 2829 769 2892 62,
784 2830 807 2878 5.
828 2828 871 2890 65,
887 2829 911 2877 3.
948 2824 1027 2878 nulla
1044 2841 1074 2878 re
1098 2823 1134 2879 ab
1152 2825 1197 2878 his
1216 2826 1303 2894 impe·

152 2901 233 2954 trata
251 2903 295 2964 91,
310 2901 334 2951 4.
362 2896 706 2962 155151111151521,4.
736 2895 845 2948 omissis
861 2895 990 2948 omnibus
1005 2895 1088 2949 rebus
1104 2901 1147 2963 63,
1164 2903 1186 2951 1.
1215 2913 1306 2964 neque

153 2988 219 3025 eam
238 2985 299 3024 rem
318 2983 365 3022 eos
384 2965 507 3021 voluisse
526 2966 596 3020 scire
613 2970 655 3033 11,
666 2972 691 3020 4.
720 2965 926 3021 sollicitabatur
941 2965 1027 3020 etiam
1042 2966 1099 3038 [his
1113 2967 1209 3040 rebus]
1225 2975 1267 3037 72,
1278 2974 1303 3024 2.

153 3073 189 3083 -
209 3058 270 3095 rem
289 3037 386 3110 [male]
411 3039 520 3106 gestam
544 3038 647 3092 docent
669 3043 751 3105 77,1.
771 3067 806 3077 -
824 3038 929 3092 vallum
952 3039 1094 3107 petierant
1118 3056 1245 3109 quaeque
1270 3041 1305 3094 ad

153 3130 221 3168 eam
248 3127 309 3165 rem
335 3127 405 3178 opus
431 3111 512 3164 erant
534 3113 620 3178 31,1.
661 3126 692 3163 15
721 3107 827 3177 duplici
855 3107 986 3179 (impetu)
1014 3109 1193 3179 perturbatus
1222 3117 1264 3178 50,
1280 3117 1305 3165 2.

153 3203 213 3254 qua
233 3185 268 3237 de
287 3199 316 3236 re
335 3179 558 3251 (consuetudine)
578 3222 628 3236 ...
648 3181 750 3234 certior
769 3181 859 3234 factus
879 3184 921 3248 65,
937 3187 963 3236 2.
992 3181 1101 3236 durnin
1120 3199 1155 3236 ea
1168 3197 1198 3235 re
1212 3184 1304 3251 (occu-

152 3255 283 3326 patione)
303 3256 377 3308 esset
395 3253 547 3320 occupatus
567 3256 592 3305 5.
630 3251 717 3306 satius
737 3267 798 3306 5115
817 3251 871 3306 sibi
891 3268 996 3320 suoque
1013 3269 1100 3320 regno
1115 3253 1239 3307 subsidio
1255 3253 1305 3321 ire,

152 3344 243 3397 qnam
261 3349 297 3372 ω
316 3323 377 3394 ipse
395 3341 444 3378 suo
463 3339 550 3392 regno
568 3323 665 3392 pulsus
688 3323 806 3377 forsitan
829 3325 948 3392 utraque
966 3339 996 3376 ro
1016 3324 1202 3392 expelleretur
1220 3329 1263 3394 25,
1278 3330 1306 3379 4.

245 3409 380 3451 reservo.
418 3411 447 3448 15
466 3394 656 3463 oppidumque
675 3395 701 3448 51
719 3411 861 3450 reservare
881 3401 963 3458 92,1.

246 3467 417 3524 *residuus
456 3465 505 3547 [ab
523 3464 636 3520 residua
655 3465 755 3535 classe]
776 3483 838 3520 cum
858 3466 980 3520 errasset
998 3465 1099 3534 (navis)
1119 3471 1203 3534 44,1.

245 3539 385 3595 resista·
406 3538 515 3606 pedites
533 3535 710 3603 resistebant,
729 3537 796 3591 dum
814 3536 923 3606 equites
945 3579 994 3592 ...
1014 3536 1157 3604 peditibus
1172 3537 1228 3592 suis
1244 3555 1304 3592 suc-

152 3613 300 3668 currerent
319 3615 360 3675 14,
375 3614 401 3663 3.
434 3608 517 3663 modo
536 3607 714 3677 procedendo
733 3609 817 3662 modo
831 3609 987 3662 resistendo
1007 3611 1050 3675 70,
1065 3611 1089 3663 5,
1122 3608 1151 3662 in
1166 3609 1302 3677 quantulo

151 3683 249 3754 spatio
272 3681 435 3736 resisterent
459 3685 540 3747 71,1.
577 3695 641 3734 oum
665 3679 840 3735 centuriones
864 3680 978 3750 pectore
1001 3679 1119 3734 adverso
1141 3681 1305 3735 resisterent

151 3755 241 3823 vique
260 3752 437 3809 continerent
454 3751 558 3805 milites
577 3757 620 3818 82,
635 3756 660 3805 4.
677 3749 818 3806 —studio
838 3750 1042 3819 cupiditatique
1060 3749 1304 3820 (1111111111)82,3;

152 3833 199 3897 83,
217 3831 240 3882 1.
277 3823 403 3879 hostium
421 3821 595 3877 multitudini
614 3826 656 3890 60,
671 3827 696 3876 4.

246 3894 390 3966 respicio·
432 3895 498 3962 post
521 3895 633 3964 tergum
658 3899 705 3962 80,
725 3899 749 3948 6.
791 3894 822 3947 ut
845 3893 945 3947 ducem
971 3892 1097 3962 aliquem
1119 3892 1303 3963 requirerent,

152 3971 252 4041 [quem
270 3965 454 4036 respicerent]
474 3971 516 4033 85,
531 3971 555 4019 4.

245 4052 435 4108 responsum.
472 4036 539 4092 dare
558 4043 584 4090 5.
603 4042 646 4105 86,
662 4043 687 4090 2.
724 4035 779 4090 sibi
793 4034 864 4089 nihil
879 4034 991 4092 omnino
1006 4035 1162 4106 oppidanos
1176 4035 1303 4105 responsi

150 4111 272 4168 reddere
292 4114 324 4165 91
349 4113 373 4163 4.

244 4152 433 4251 1515111151.
469 4178 498 4234 in
516 4177 718 4248 rempublicam
741 4180 785 4234 est
807 4179 948 4249 ingressus
972 4184 1015 4247 22,
1030 4185 1055 4232 4.
1078 4209 1111 4220 -
1130 4181 1178 4248 (=
1195 4179 1304 4249 civitas)

151 4262 200 4325 22,
215 4260 239 4309 2.
254 4259 279 4308 6.
299 4260 342 4321 44,
358 4258 382 4307 4.
403 4255 477 4320 14,4
496 4256 543 4305 ter.

245 4325 342 4381 resto.
379 4340 426 4392 qur
449 4320 613 4376 restiterant
631 4365 637 4376 .
658 4363 664 4376 .
686 4365 692 4375 .
712 4320 896 4376 conciduntur
919 4327 967 4389 40,
987 4329 1011 4376 3.
1051 4293 1160 4391 impera.
1188 4323 1302 4390 restare,

151 4397 423 4526 ssssffqessiqffi’gquae
446 4393 541 4461 vellet,
564 4394 713 4462 perageret
737 4398 780 4462 57,
799 4399 824 4449 2.
852 4423 884 4432 —-
909 4395 954 4462 (=
972 4395 1105 4462 1551115151
1128 4393 1239 4448 fortiter
1262 4411 1302 4448 re·

317 4511 324 4538 ,
357 4510 364 4525 .
