3292 5132
719 361 795 416 OAP.
817 367 840 416 1.
860 365 885 416 2.
1354 365 1375 426 3

228 531 263 590 et
291 526 459 591 onerariae
487 526 658 608 conplures
687 526 800 591 eodem
829 549 1017 593 concurrere
1046 530 1079 591 et
1107 527 1251 611 legiones
1282 528 1374 606 [tiro-

226 619 321 696 num]
351 615 535 700 convenire,
563 614 597 678 in
624 615 676 679 his
705 620 858 682 veterana
885 617 972 701 legio
1001 617 1130 701 quinta,
1159 617 1305 700 equitum
1335 616 1396 680 ad‘

228 705 417 769 duomilia.

321 792 355 858 2.
389 793 587 878 Legionibus
619 793 763 858 collectis
795 813 832 859 vl
863 798 896 857 et
926 794 1071 878 equitnm
1101 812 1127 857 11
1158 793 1306 878 milibus,
1338 797 1408 858 utl

186 899 375 966 aquaeque
400 882 505 965 prima
533 881 619 966 legio
644 887 791 967 venerat,
818 885 851 946 in
879 905 978 947 naves
1006 884 1122 968 longas
1150 882 1376 967 inponebatur,

229 972 356 1055 equites
385 973 521 1052 [autem]
551 972 584 1034 in
614 972 788 1036 onerarias.
829 971 881 1035 Ita
908 973 1064 1037 maiorem
1092 976 1219 1054 partem
1243 971 1409 1036 naviuma

229 1060 418 1125 antecedere
441 1061 536 1124 iussit
564 1063 597 1124 et
624 1061 764 1125 insulam
788 1065 898 1144 petere
921 1060 1141 1146 Aponianam,
1170 1083 1252 1144 quae
1282 1065 1374 1125 esta

228 1149 387 1232 Lilybaeo
412 1150 497 1232 loapc
519 1150 609 1215 mitta
627 1171 793 1232 passsam.
810 1154 1066 1214 ..commoratus
1090 1152 1175 1214 bona
1198 1173 1373 1234 paucorum
1394 1168 1409 1214 3

320 1342 464 1412 leodem]
485 1359 536 1396 om.
555 1340 582 1394 L
609 1345 618 1412 t
646 1341 817 1413 *[tironum]
836 1343 998 1398 inclusimus
1024 1345 1033 1412 l
1060 1342 1183 1413 tlegio]
1203 1342 1303 1412 religio
1321 1344 1350 1397 A
1367 1343 1376 1406 tt

228 1414 355 1482 equitum
378 1431 428 1468 ουι,
443 1413 469 1466 L
491 1415 500 1482 ΙΙ
524 1420 540 1467 3
560 1412 626 1482 duo]
646 1414 688 1478 L,·
707 1413 759 1465 ·lI·
778 1416 819 1468 ael
836 1413 863 1466 II
881 1415 910 1469 R
932 1417 941 1484 ll
964 1421 980 1468 4
999 1415 1051 1467 mit
1070 1414 1096 1466 L
1115 1415 1183 1480 alia,
1201 1412 1281 1468 milia
1295 1415 1376 1478 APy

229 1489 318 1553 utque
332 1485 424 1554 prima
439 1484 464 1537 L
488 1486 497 1553 ΙΙ
520 1492 535 1538 6
555 1484 695 1554 *[autem]
711 1485 737 1538 L
756 1503 842 1554 rnarp.
856 1503 905 1540 sec.
920 1504 954 1539 m.
978 1487 987 1552 11
1012 1493 1026 1540 7
1046 1486 1222 1554 Apononiam
1237 1486 1262 1538 L
1275 1488 1285 1554 n
1298 1485 1374 1554 *est]

227 1559 269 1622 A,
289 1555 371 1610 abest
383 1556 425 1623 R,
445 1556 475 1608 F
491 1573 540 1611 sec.
555 1573 588 1610 υι.
604 1573 663 1624 sap.
679 1573 730 1611 ser.
745 1559 754 1625 ΙΙ
768 1563 784 1610 8
798 1557 893 1625 libyco·
908 1557 934 1610 L
940 1577 951 1622 ,·
969 1556 1085 1626 lilybico
1100 1573 1133 1610 eo
1147 1557 1175 1608 A
1194 1558 1230 1625 (ct
1244 1559 1275 1610 ia
1288 1573 1375 1623 marc.

226 1637 257 1696 d,
272 1629 292 1682 ι’.
308 1646 330 1682 e.
346 1628 472 1696 quaere);
491 1627 602 1681 lilibreo
616 1629 645 1680 P
655 1629 664 1696 ΙΙ
679 1627 783 1698 *longe
798 1645 834 1682 m.
849 1646 876 1697 p.
891 1630 1051 1684 addidimus
1064 1632 1073 1699 ΙΙ
1087 1629 1274 1683 commoratus
1290 1645 1338 1682 ουι.
1352 1627 1376 1680 L

227 1841 303 1910 quod
333 1839 403 1894 ‘sibi
429 1839 589 1894 confidere'.
635 1840 731 1896 Livius
759 1847 809 1908 24,
829 1847 895 1910 8,4
923 1841 1056 1895 fidentem
1085 1839 1178 1896 animo
1202 1843 1231 1896 et
1256 1839 1374 1908 viribus3

226 1911 312 1982 Verg.
338 1912 406 1966 Aen.
431 1917 456 1978 2,
476 1918 508 1966 61
533 1911 622 1965 fidens
646 1912 745 1978 animm
770 1914 835 1967 Tac.
862 1929 906 1966 an.
925 1919 950 1979 4,
970 1917 1013 1966 59.
1050 1912 1092 1966 De
1112 1914 1197 1968 verbo
1217 1913 1374 1981 composito

226 1983 263 2037 cf.
283 1983 320 2036 ad
340 1999 400 2051 cap.
421 1988 437 2036 5
461 1983 674 2048 convulnerata
703 1984 737 2037 de
761 1985 890 2038 clausula
913 1983 1088 2038 ditrochaica
1114 1991 1140 2050 1,
1163 1992 1176 2038 1
1202 1985 1376 2051 verberaret3

227 2061 252 2122 2,
273 2061 290 2108 4
309 2056 485 2108 consecutus.
523 2053 578 2108 Cic.
604 2059 674 2109 orat.
698 2061 751 2109 214
776 2055 880 2123 ‘patris
900 2055 1006 2109 dictum
1027 2054 1139 2124 sapiens
1157 2057 1304 2109 temeritas
1323 2054 1376 2109 filii

226 2126 456 2194 comprobavit';
480 2125 534 2180 hoe
553 2125 686 2180 dichoreo
705 2128 801 2180 tantus
820 2128 927 2181 clamor
946 2125 1085 2180 contionis
1105 2127 1244 2180 excitatus
1264 2133 1321 2193 est,
1345 2130 1376 2180 ut

226 2195 395 2251 admirabile
415 2199 497 2251 asset.
536 2197 577 2266 [et
596 2197 656 2266 spe]
678 2197 736 2251 sive
755 2213 806 2266 pro
822 2198 917 2252 dativo
933 2197 1069 2266 accipitur
1088 2198 1147 2251 sive
1166 2214 1216 2267 pro
1237 2198 1373 2264 ablativo,

225 2267 348 2321 latinum
368 2283 423 2320 non
445 2269 494 2322 est.
515 2298 548 2306 -
570 2274 583 2321 1
604 2268 774 2339 concurrere]
795 2269 829 2322 de
848 2268 983 2336 navibus,
1003 2270 1078 2335 1112,
1098 2275 1113 2321 2
1133 2271 1242 2336 partem
1261 2270 1376 2323 navium

226 2339 401 2393 antecedere.
439 2339 480 2392 ef.
500 2339 537 2392 ad
556 2345 598 2405 63,
620 2346 643 2394 1.
673 2371 706 2378 -
736 2340 882 2411 [tironum]
906 2342 1016 2409 pugnat
1040 2357 1103 2392 enm
1128 2340 1310 2407 sequentibus
1331 2340 1374 2393 ‘in

226 2410 272 2464 his
290 2409 455 2474 veterana’;
476 2408 571 2477 itaque
591 2412 641 2462 aut
659 2412 864 2464 emendandum
885 2412 966 2464 ‘cum
984 2411 1045 2463 his'
1066 2411 1112 2479 (cf.
1132 2417 1174 2477 28,
1195 2417 1210 2463 2
1232 2413 1287 2465 dno
1307 2411 1376 2465 Titii

226 2484 257 2535 et
277 2494 339 2534 cum
359 2481 402 2533 his
420 2479 450 2532 T.
471 2480 623 2550 Salienus),
643 2485 704 2550 aut,
724 2483 798 2550 quod
819 2484 957 2550 praestat,
979 2482 1133 2535 ‘tironum’
1156 2481 1312 2535 eiciendum
1331 2485 1375 2535 ut-

226 2555 295 2622 pote
315 2552 492 2620 glossematis
512 2552 575 2606 loco
595 2553 775 2622 adscriptum.
812 2552 1017 2622 Intelleguntur
1035 2552 1161 2621 legiones
1175 2551 1260 2606 XXV.
1276 2553 1374 2608 XXVI.

226 2622 354 2677 XXVlll.
381 2621 481 2677 XXIX.
507 2622 592 2677 XXX.
631 2623 760 2678 Ceterum
786 2625 820 2680 cf.
845 2641 916 2691 quas
940 2624 1061 2678 diximus
1085 2625 1121 2677 ad
1146 2640 1206 2693 cap.
1227 2629 1243 2676 ὃ
1267 2626 1307 2692 (et
1326 2641 1374 2678 eas

226 2694 371 2763 tironum).
403 2725 438 2734 -
471 2700 486 2747 2
510 2696 543 2747 ia
565 2695 608 2748 bis
633 2701 682 2750 net.
708 2697 776 2764 lcyio
794 2695 905 2766 putata]
929 2695 972 2765 Ap
994 2696 1048 2748 ian.
1068 2695 1094 2749 h.
1114 2694 1166 2748 civ.
1187 2701 1212 2760 2,
1232 2701 1265 2748 96
1286 2689 1323 2756 ὥς
1342 2692 1373 2748 τὸ

226 2763 357 2836 πέμπτον
384 2763 473 2833 τέλος,
503 2763 622 2833 αἰτῆσαν
648 2762 858 2835 ἀντιταχθῆναι
883 2772 943 2828 τοῖς
969 2713 1099 2834 desan,
1128 2767 1268 2834 κρατῆσαι
1295 2762 1372 2820 πάνυ

226 2837 380 2907 καρτερῶς.
418 2835 489 2892 Hirt.
509 2838 536 2892 b.
556 2835 628 2891 Gall.
649 2843 673 2907 8,
693 2843 736 2907 45,
757 2845 771 2890 1
795 2839 936 2907 principes
960 2839 1044 2907 atque
1068 2837 1098 2890 in
1116 2837 1160 2890 his
1180 2837 1281 2891 Surum
1300 2836 1374 2891 Hae-

227 2910 327 2974 dnum;
346 2910 372 2962 b.
393 2907 472 2976 Hisp.
492 2915 516 2974 3,
532 2915 557 2962 4.
582 2915 625 2977 23,
645 2910 708 2963 Sin
728 2909 841 2978 quibus,
862 2910 891 2964 in
910 2910 979 2978 quis.
998 2909 1025 2966 b.
1041 2908 1099 2964 Afr.
1115 2914 1157 2976 33,
1178 2916 1192 2962 1
1213 2927 1275 2964 eum
1295 2908 1374 2963 navi·

227 2981 301 3036 culis
319 2978 411 3045 XXX,
428 2979 500 3033 inibi
519 2981 617 3048 paucis
635 2981 773 3036 rostratis.

318 3051 346 3104 2.
371 3058 388 3104 4
406 3056 438 3105 at
451 3051 583 3121 quaeqae]
601 3052 649 3104 ‘ut
663 3053 763 3120 quae’,
778 3053 908 3107 Taciteae
924 3051 1057 3107 orationis
1072 3051 1215 3121 proprium
1230 3050 1373 3121 (Draeger,

227 3125 300 3192 synt.
321 3124 386 3177 Tae.
412 3125 524 3189 5180),
551 3123 587 3176 ab
611 3123 702 3175 Asinii
725 3125 818 3177 aetate
842 3123 983 3177 abhorret.
1017 3154 1050 3162 —
1084 3129 1099 3176 5
1122 3124 1319 3192 deponebatur]
1344 3123 1373 3176 in

227 3192 354 3262 singulas
378 3209 463 3246 naves
487 3193 608 3246 ducenos
632 3193 690 3247 fere
714 3194 819 3248 milites
846 3194 995 3264 impositos
1020 3211 1079 3249 esse
1103 3196 1220 3262 colligas
1240 3211 1274 3248 ex
1294 3192 1371 3248 Caes.

226 3271 258 3334 4,
278 3270 321 3332 37,
341 3270 370 3329 1;
403 3263 508 3332 11128,
532 3270 557 3318 3.
586 3294 620 3304 -
649 3271 663 3318 7
688 3266 852 3336 antecedere]
876 3267 911 3320 cf.
935 3266 972 3319 ad
999 3270 1090 3331 63,1.
1119 3296 1153 3305 —
1182 3266 1373 3336 Aponianam]

226 3351 284 3390 una
302 3353 336 3389 ex
353 3335 452 3388 insulis
470 3335 602 3404 Aegusis,
622 3351 708 3405 prope
728 3337 904 3405 Lilybaeum,
923 3338 1042 3391 fortasse
1061 3338 1171 3403 eadem,
1191 3353 1262 3405 quae
1282 3336 1373 3390 Ptole-

225 3423 309 3461 maeo
328 3413 352 3474 3,
372 3413 389 3459 4
408 3407 476 3461 extr.
496 3407 539 3460 est
557 3409 708 3475 Πουονία,
734 3424 789 3475 qua
807 3408 861 3462 iter
878 3407 1022 3462 habebant
1041 3407 1240 3477 Carthaginem
1259 3407 1372 3475 profici-

225 3482 335 3532 scentes
358 3476 510 3531 seeundum
529 3476 678 3545 Polybium
704 3486 728 3545 1,
747 3484 795 3545 44,
814 3484 830 3533 2
855 3475 886 3534 ἐν
911 3485 973 3540 ταῖς
996 3476 1183 3547 καλουμέναις
1206 3475 1374 3546 Αἰγούσσαις

225 3545 332 3620 μεταξὺ
355 3546 387 3602 δὲ
412 3545 556 3618 κειμέναις
579 3551 733 3621 Λιλυβαίου
757 3549 807 3603 καὶ
830 3546 1021 3619 Καρχηδόνος.
1059 3548 1113 3604 Sed
1138 3550 1246 3602 insulae
1270 3565 1373 3603 nomen

224 3621 372 3675 transiisse
391 3619 502 3673 videtur
521 3621 557 3673 ad
576 3620 711 3675 maiorem
730 3621 885 3690 Aegusam,
905 3637 977 3690 quae
995 3637 1069 3674 nune
1087 3620 1190 3674 dieitur
1208 3621 1373 3689 Favignana

228 3691 274 3747 sel
287 3692 459 3760 Favognans
474 3690 612 3745 vocabulo
631 3692 710 3761 vulgi
730 3709 776 3746 ore
792 3692 957 3761 euphemiae
977 3709 1060 3746 causa
1079 3696 1129 3746 aut
1141 3694 1227 3746 vento
1246 3690 1371 3746 Favonio

225 3766 278 3818 ant
300 3764 386 3818 verbo
409 3761 523 3817 favendi
548 3763 718 3818 adsimilato.
756 3763 796 3817 Cf.
816 3764 936 3845 append.
955 3763 1019 3819 hist.
1050 3795 1083 3803 -
1111 3769 1150 3818 est
1167 3781 1185 3817 a
1203 3762 1273 3834 na]
1293 3769 1370 3831 68,1

225 3835 303 3904 quod
323 3834 477 3904 (oppidum)
505 3837 565 3888 erat
584 3833 619 3887 ab
638 3850 671 3887 eo
695 3834 779 3904 longe
803 3837 882 3888 mrlia
900 3852 1033 3904 passuum
1051 3833 1125 3888 XlV.
1159 3865 1192 3874 -
1225 3839 1371 3904 8conamo-

224 3906 317 3976 ratas]
342 3903 447 3960 excidit
469 3906 581 3974 praeter
603 3906 738 3974 temporis
767 3905 879 3973 (velutiz
907 3907 1061 3974 paulisper,
1086 3905 1195 3974 aliquot
1217 3905 1287 3973 dies)
1313 3902 1372 3958 loci

224 3992 338 4046 qnoque
364 3977 544 4045 significatio,
572 3975 691 4031 fortasse
720 3975 854 4044 Lilybaei.
899 3977 978 4032 Adeo
1008 3979 1102 4031 autem
1127 3977 1181 4031 hoe
1203 3976 1319 4030 verbum
1342 3975 1371 4027 in

224 4047 337 4103 deliciis
361 4047 461 4101 habuit
484 4047 610 4114 Asinius,
632 4049 666 4101 ut
687 4048 848 4116 quindecim
869 4049 941 4102 locis
964 4051 1091 4103 uteretur
1114 4063 1146 4102 eo
1170 4064 1225 4100 non
1249 4046 1370 4099 multum

225 4118 340 4174 diverso
355 4137 372 4172 a
393 4117 566 4187 ‘versandi’,
585 4136 641 4174 nno
656 4117 779 4187 simplici
799 4119 957 4174 ‘morandi'
978 4120 1008 4173 in
1021 4120 1125 4172 malam
1137 4119 1248 4187 partem
1263 4118 1292 4170 et
1306 4132 1371 4170 eum

223 4188 437 4261 vituperatione
460 4191 548 4259 disto,
573 4196 616 4258 26,
636 4196 660 4243 4.
699 4189 738 4244 Of.
758 4189 877 4257 thler,
900 4189 972 4244 Aeta
995 4189 1109 4258 Erlang.
1132 4190 1223 4242 1383.
1245 4219 1278 4227 -
1298 4205 1371 4256 paa-

224 4263 384 4389 astat
402 4267 484 4387 ⁹331?
507 4255 1372 4401 33318382232833323312.

373 4374 379 4387 .
478 4375 483 4387 .
563 4375 568 4388 .
629 4374 636 4400 ,
946 4375 952 4389 .

223 4407 269 4460 ins
290 4407 377 4474 atque
396 4403 537 4459 dicionem
556 4404 710 4460 concessit.
723 4402 845 4459 ..ceteri
863 4404 965 4473 vulgus
984 4403 1100 4470 fuimus3
1119 4401 1156 4456 id.
1170 4401 1236 4456 hist.
1257 4409 1282 4469 1,
1297 4408 1339 4470 48,
1355 4409 1371 4455 6

224 4477 322 4533 Catuli
350 4476 467 4531 consilia
494 4493 556 4532 cum
585 4474 681 4546 paucis
709 4478 833 4543 secutus,
863 4474 954 4530 etsie
977 4473 1089 4544 passim.
1126 4473 1218 4528 Plaut.
1242 4472 1315 4530 Trin.
1336 4479 1371 4528 34

1123 4565 1157 4614 1*
