3288 5124
673 331 750 389 aar.
770 339 812 389 11.
833 337 875 425 aa.
920 352 922 356 Α
1303 327 1346 392 39

292 498 351 564 22.
383 497 427 564 Μ.
455 497 538 563 Cato
567 495 712 579 interim,
745 494 800 579 qui
827 494 944 560 Uticae
972 498 1133 577 praeerat,
1167 491 1224 558 Cn.
1253 492 1380 560 Pom-1

225 589 311 654 eium
330 588 433 652 filium
453 586 567 651 multis
586 586 693 650 verbis
713 584 902 668 assidueque
922 582 1094 667 obiurgare
1114 585 1194 663 [non
1212 582 1348 647 desiste-

200 613 283 758 iat]
332 677 432 758 Tuas,
460 675 579 760 inquit,
603 679 705 758 pater,
733 675 811 738 istac
833 673 943 737 aetatis
965 693 1033 736 cmm
1057 677 1132 736 esset
1153 677 1182 735 et
1203 672 1383 740 animosi-2

201 768 351 849 vertisset,
373 764 592 846 rempublicam
610 764 649 828 ab
666 763 799 843 nefariis
816 761 1024 842 sceleratisque
1042 761 1156 825 mullos
1174 780 1349 842 oppressam

165 857 353 937 storiasque
379 859 436 918 cml
463 853 633 933 interfectos
662 857 719 917 aut
745 851 838 916 ecilin
866 851 1011 916 almitates
1033 850 1145 932 patrio
1173 850 1350 930 eloilaleqm

203 965 319 1023 carere,
331 943 433 1026 picria
446 947 475 1007 et
484 943 585 1008 animi
593 941 807 1024 mapmitmolirrc
816 941 914 1005 clatos
921 940 1068 1021 priuatus
1078 943 1168 1020 atque
1177 938 1350 1003 admlcmem·

205 1033 288 1098 tmlus
306 1033 433 1116 polemi
456 1032 604 1096 coercitus
621 1031 761 1112 rciiqrciis
784 1029 913 1094 collectis
931 1029 1026 1110 plume
1044 1048 1220 1110 oppressam
1241 1027 1349 1107 fandi-

205 1127 255 1188 tms
272 1123 400 1188 demtum
418 1121 549 1185 Italiam
568 1119 729 1201 urbemque
747 1118 925 1183 Romanam
938 1119 974 1181 im
993 1117 1159 1182 libertatem
1172 1118 1349 1200 oimdicooit,

296 1302 312 1350 2
331 1295 422 1367 *[11ο11
437 1294 605 1364 desistebat]
625 1294 786 1348 inclusimus
799 1295 810 1364 ΙΙ
831 1299 849 1346 4
866 1291 1000 1346 *nefariis
1020 1292 1082 1346 Em.
1097 1292 1268 1360 Hoffmarm:
1286 1307 1350 1344 nar-

207 1366 269 1422 duis
283 1367 310 1421 J.
323 1371 348 1422 cl
361 1383 430 1435 rec.‚·
448 1365 542 1420 arduis
557 1366 634 1434 AD;
652 1365 765 1419 uarduis
781 1364 889 1432 PUF;
906 1361 1025 1433 perditis
1039 1365 1174 1420 Damnims
1197 1366 1206 1436 ΙΙ
1229 1362 1350 1434 civibus]

206 1437 369 1494 hominibus
397 1438 438 1506 L,
465 1454 526 1506 smp.
551 1453 603 1493 scr.
629 1439 642 1488 t
667 1436 775 1490 ciuibus
802 1437 812 1504 ΙΙ
839 1441 855 1489 6
882 1435 1036 1506 bonosque]
1066 1438 1264 1504 senatoresque
1291 1435 1317 1488 L

209 1515 224 1562 6
243 1510 424 1578 privatusque
443 1507 667 1563 adolescentulus
680 1506 743 1561 LD
760 1523 828 1561 corr.
850 1509 859 1577 ]
883 1512 898 1560 7
916 1501 1032 1577 *plane]
1051 1522 1140 1575 paene
1154 1507 1195 1560 ael
1212 1505 1324 1575 peneO

206 1579 353 1634 *funditus
368 1579 427 1633 AL
435 1581 475 1645 P;
492 1577 674 1647 funditusque
688 1579 716 1632 R
730 1578 770 1647 118
785 1580 813 1632 et
827 1578 881 1633 del.
896 1576 1012 1646 UFD]
1029 1578 1147 1632 Romam
1158 1576 1184 1630 J.
1196 1580 1206 1647 ]
1219 1577 1249 1630 in
1263 1593 1313 1632 om.
1324 1580 1351 1630 A

296 1739 345 1795 22.
375 1745 388 1792 1
410 1739 451 1793 Μ.
472 1737 553 1863 Galat]
576 1737 614 1792 Μ.
633 1736 747 1792 Porcius
766 1736 848 1805 Cato,
872 1753 1011 1808 pronepos
1035 1735 1173 1803 Censorii,
1197 1737 1300 1791 stoicus
1324 1739 1354 1792 at

207 1811 250 1867 rei
267 1809 397 1880 publicae
411 1809 518 1864 liberae
553 1809 663 1864 et'ensor
676 1807 835 1863 acerrimus.
850 1839 886 1849 -
901 1808 1022 1878 interim]
1037 1807 1090 1862 hac
1104 1807 1246 1876 particula
1263 1810 1353 1863 trans-

205 1884 265 1937 itus
291 1883 407 1951 paratur
430 1898 448 1935 a
474 1880 602 1935 Caesaris
625 1881 708 1934 rebus
728 1879 764 1933 ad
782 1882 877 1948 partes
896 1880 1138 1948 Pompeianorum.
1165 1910 1198 1919 -
1225 1881 1354 1934 2mmltis

205 1953 307 2025 uerbis]
326 1959 369 2021 90,
390 1959 404 2006 1
424 1952 520 2006 multis
539 1950 632 2007 verbis
651 1954 805 2006 accusatos.
837 1983 867 1990 -
898 1951 965 2021 [mom
984 1950 1140 2032 desistebat]
1167 1948 1235 2005 Cum
1254 1968 1304 2020 per
1324 1967 1353 2006 se

206 2023 366 2094 requiratur
383 2025 496 2092 tompus
515 2023 669 2092 perfectum
688 2022 803 2092 propter
818 2021 943 2075 additam
963 2021 1098 2092 temporis
1118 2021 1353 2091 significationem

206 2097 355 2164 (assidue),
378 2098 440 2148 tum
464 2093 576 2148 Asinius
602 2092 681 2149 verbi
705 2093 837 2147 desistere
856 2110 920 2146 cum
938 2095 1088 2162 negatione
1108 2092 1250 2148 coniuncti
1268 2112 1354 2148 unum

206 2167 363 2236 perlectum
383 2164 509 2230 admisit3
528 2169 571 2232 21,
588 2172 603 2219 3
623 2181 706 2232 agros
724 2180 825 2219 vexare
843 2181 900 2218 non
919 2163 1042 2229 destitit3
1062 2170 1105 2231 28,
1120 2170 1144 2219 2,
1169 2169 1211 2233 75,
1227 2171 1251 2220 6.
1271 2171 1314 2233 84,
1329 2171 1353 2219 3.

208 2236 322 2292 Asinius
340 2254 385 2305 ap.
411 2235 467 2292 Cio.
487 2236 568 2305 epist.
589 2241 631 2301 10,
652 2241 695 2301 32,
713 2242 731 2289 4
753 2235 880 2303 legiones
903 2251 961 2290 non
979 2234 1089 2290 destitit
1107 2235 1225 2291 incitare
1244 2236 1355 2306 pollici·

206 2308 370 2364 tationibus.
408 2307 449 2364 cf.
478 2307 515 2362 ad
542 2313 593 2374 26,
618 2313 642 2361 6.
687 2307 835 2361 Praeterea
862 2307 1013 2362 tenendum
1039 2305 1185 2361 infinitivis
1213 2307 1356 2363 historicis

206 2380 284 2434 haud
308 2396 371 2434 raro
397 2378 464 2432 addi
489 2377 644 2447 particulas
669 2378 839 2448 temporales
864 2377 954 2433 veluti
979 2379 1092 2446 ‘saepe,
1120 2377 1249 2447 saepius’
1275 2379 1354 2448 (Sall.

206 2451 300 2520 Tae),
321 2449 458 2505 ‘cotidie'
483 2449 562 2519 (Sall.
580 2449 683 2516 Asin),
708 2447 865 2516 ‘interim’,
888 2450 921 2502 nt
943 2450 996 2503 hoc
1019 2447 1082 2502 loco
1101 2448 1168 2503 Sall.
1187 2449 1247 2518 lug.
1267 2456 1309 2516 39,
1330 2455 1354 2502 2.

208 2528 253 2589 86,
273 2528 305 2588 21
332 2521 443 2576 Asinius
461 2521 566 2576 novies.
594 2551 628 2561 -
654 2521 761 2576 3istmc
784 2519 894 2590 actalia]
913 2518 1038 2574 Velleius
1057 2525 1083 2588 2,
1102 2526 1179 2587 29,1
1206 2520 1356 2589 Pompeius

208 2593 261 2647 tris
281 2594 311 2647 et
324 2591 428 2661 viginti
447 2608 536 2646 annos
551 2593 634 2646 natus
652 2590 771 2661 privatis
789 2594 821 2646 ut
836 2590 936 2660 opibus
956 2591 997 2645 ita
1010 2588 1134 2644 consiliis
1152 2606 1257 2660 magna
1271 2607 1355 2644 ausus

207 2663 413 2734 magnificeque
432 2666 535 2718 conata
554 2667 687 2717 executus
711 2663 746 2717 ad
765 2662 963 2718 vindicandam
986 2659 1245 2731 restituendamque
1265 2661 1357 2731 digni-

211 2739 303 2790 tatem
322 2733 433 2804 patriae
451 2738 505 2790 etc.
545 2733 637 2790 Verba
651 2750 685 2788 ex
704 2750 831 2789 sermone
849 2731 984 2795 familiari
1002 2733 1093 2802 petita
1111 2731 1277 2802 castigantis
1291 2736 1357 2787 sunt

212 2807 304 2862 veluti
323 2823 366 2876 ap.
383 2807 445 2861 Ter.
462 2807 562 2861 Heaut.
579 2811 630 2860 110
650 2823 702 2876 ego
721 2805 795 2860 istuc
813 2802 916 2858 aetatis
933 2820 990 2858 non
1009 2805 1098 2858 amori
1113 2820 1227 2874 operam
1246 2805 1356 2860 dabam.

212 2878 270 2933 Cic.
285 2877 315 2930 id
328 2878 445 2945 aetatis,
464 2894 498 2932 ea
515 2878 618 2931 aetate.
639 2909 670 2916 -
690 2883 708 2930 4
725 2875 855 2947 nefariis]
874 2876 975 2930 nefarii
989 2875 1156 2931 dicebantur
1170 2876 1252 2931 bellis
1268 2876 1357 2930 civili-

212 2951 267 3003 bus
286 2947 453 3015 adversarii,
481 2946 643 3018 praesertim
665 2948 714 3017 qui
732 2947 829 3018 populi
848 2964 948 3002 causae
967 2948 1105 3012 faverent;
1128 2952 1171 3016 46,
1191 2953 1207 3001 2
1227 2948 1358 3004 abducite

212 3019 284 3074 istos
301 3019 411 3075 nefario
426 3018 531 3075 scelere
546 3017 752 3074 contaminatos
768 3021 797 3072 et
815 3019 900 3073 caede
920 3017 1024 3073 cisium
1043 3019 1201 3086 saginatos3
1221 3021 1275 3074 hoo
1294 3018 1357 3074 loco

212 3090 399 3160 intellegendi
417 3089 535 3158 Marius,
562 3089 662 3158 Cinna,
687 3091 784 3145 Carbo.
823 3090 869 3144 Sic
889 3089 986 3144 Cicero
1004 3106 1116 3159 quoque
1134 3090 1163 3144 in
1183 3089 1358 3145 orationibus

211 3162 319 3232 passim
337 3161 481 3217 coniunxit
499 3162 651 3216 sceleratus
672 3162 700 3215 et
718 3161 854 3229 nefarius,
874 3162 922 3216 sed
941 3161 1006 3215 huic
1026 3164 1187 3217 constanter
1206 3163 1358 3217 secundum

213 3236 309 3290 locum
327 3232 435 3289 tribuit.
468 3231 603 3287 Similiter
621 3231 771 3287 Sallustius
790 3233 849 3286 Cat.
866 3239 908 3301 62,
923 3239 957 3286 36
975 3232 1084 3287 nefario
1104 3232 1221 3288 consilio
1241 3234 1359 3288 seelera-

213 3309 308 3359 torum
327 3302 440 3360 civium.
478 3302 560 3370 Quod
576 3304 606 3357 in
625 3302 794 3358 editionibus
818 3307 862 3358 est
882 3302 1040 3374 ‘perditis',
1065 3305 1099 3358 de
1117 3305 1292 3359 fortunarum
1310 3322 1359 3374 po-

213 3377 272 3430 tius
290 3377 378 3430 ruinis
397 3373 576 3444 moribusque
600 3375 736 3445 corruptis
755 3373 866 3430 dicitur.
905 3374 945 3430 cf.
965 3374 1021 3429 (lic.
1040 3375 1113 3429 Phil.
1133 3381 1157 3445 5,
1178 3381 1193 3429 6
1216 3380 1247 3430 11
1270 3376 1361 3430 civem

212 3447 383 3502 sceleratum
402 3449 432 3500 et
449 3447 589 3514 perditum
610 3446 754 3500 Gallorum
774 3449 803 3500 et
816 3445 1017 3500 Germanorum
1035 3447 1156 3516 pecunia
1174 3446 1311 3500 instruas?
1326 3479 1360 3486 —

212 3525 229 3572 5
247 3519 345 3586 patria
364 3519 524 3586 cioltalepm
538 3517 573 3589 a]
594 3517 663 3572 Oum
678 3515 822 3572 sollemnis
836 3517 873 3571 sit
887 3515 1008 3571 formula
1028 3517 1137 3586 ‘patria
1156 3519 1264 3572 carere'
1286 3519 1361 3586 apud

212 3590 328 3644 Terent.
342 3587 443 3644 Heaut.
461 3594 503 3654 86,
521 3587 695 3655 Ciceronem,
710 3589 862 3659 Nepotem,
877 3588 1020 3657 Tacitum,
1039 3587 1086 3641 cui
1102 3605 1167 3643 raro
1183 3589 1362 3643 substituitur

214 3661 288 3714 ‘aaa
316 3659 447 3729 civitate)
475 3659 544 3728 (Cic.
573 3660 627 3729 leg.
654 3667 679 3728 3,
703 3663 761 3727 26),
791 3657 918 3714 Asinium
944 3659 1004 3712 veri
1031 3659 1122 3713 simile
1149 3662 1192 3713 est
1220 3659 1361 3729 scripsisse

215 3733 258 3786 ‘c.
278 3730 404 3800 patria’3
429 3729 530 3785 similis
548 3735 644 3786 tamen
662 3731 809 3786 verborum
829 3730 1001 3785 abundantia
1024 3731 1098 3800 apud
1119 3730 1283 3785 Sallustium
1302 3732 1360 3800 lug.

218 3807 262 3870 14,
284 3807 378 3858 11.1r
402 3801 431 3854 in
455 3802 582 3856 oratione
605 3801 788 3856 Adherbalis:
817 3801 881 3856 exul
905 3802 1043 3871 (extorris)
1068 3801 1161 3870 patria
1187 3803 1279 3858 domo.
1321 3801 1361 3857 cf.

214 3889 303 3942 supra
321 3878 347 3942 8,
366 3878 383 3926 ὅ
402 3889 466 3926 cum
485 3872 591 3927 civibus
614 3872 644 3926 in
662 3874 763 3942 patria.
788 3906 820 3914 -
847 3880 862 3927 6
876 3873 1019 3944 privatas]
1040 3873 1167 3941 quamvis
1187 3875 1260 3928 esset
1277 3875 1362 3927 homo

213 3945 352 4015 privatus.
374 3975 406 3983 —
428 3946 543 4013 lplarce
562 3945 729 4015 oppressam]
749 3944 862 3998 Asinius
881 3962 925 4013 ap.
942 3943 997 3999 Cic.
1018 3942 1099 4013 epist.
1121 3950 1162 4013 10,
1177 3950 1252 4012 31,5
1272 3944 1361 3998 omnis

215 4015 288 4070 aivis
302 4016 385 4084 plane
400 4017 500 4070 studeo
515 4032 575 4070 esso
590 4016 698 4082 salvos,
717 4018 747 4070 et
765 4015 893 4070 similiter
906 4016 997 4069 tribus
1011 4018 1159 4085 praeterea
1172 4015 1241 4070 locis
1256 4016 1358 4084 epistu-

215 4089 323 4154 larum,
350 4088 530 4154 quamohrem
556 4088 629 4141 hanc
654 4088 781 4142 nostram
807 4085 995 4142 coniecturam
1021 4085 1105 4140 alteri
1129 4086 1262 4157 (penitus)
1281 4103 1361 4156 prae·

215 4158 364 4214 ferendam
378 4171 439 4212 esse
454 4157 595 4212 duximus:
618 4158 738 4228 ‘paene'
754 4175 916 4238 perversum
931 4159 986 4223 est,
1007 4158 1080 4224 quod
1094 4173 1184 4226 paene
1199 4174 1363 4226 oppressum

216 4247 275 4284 non
294 4231 389 4298 potest
407 4229 475 4297 dici,
500 4230 574 4298 quod
592 4229 668 4283 idem
686 4228 811 4282 lundrtus
836 4231 879 4282 est
898 4226 1035 4295 deletum,
1059 4230 1087 4280 et
1111 4228 1177 4297 quia
1201 4245 1286 4298 supra
1303 4245 1363 4282 rem

216 4299 362 4371 publicam
382 4316 544 4371 oppressam
564 4300 649 4354 fuisse
669 4299 786 4353 dixerat.
824 4299 987 4367 Asyndeton
1009 4297 1164 4353 bimemhre
1187 4298 1259 4353 nihil
1277 4301 1365 4356 habet

219 4369 395 4439 offensionis3
418 4388 475 4425 non
493 4371 583 4426 solum
603 4370 678 4426 enirn
696 4369 847 4441 participia
866 4370 930 4424 sunt
948 4369 1073 4424 eiusdem
1092 4372 1188 4439 notae,
1209 4371 1258 4425 sed
1277 4372 1364 4428 etiam

220 4442 355 4514 (probata
369 4443 530 4498 coniectura
544 4443 651 4511 nostra)
668 4442 809 4498 adverbia.
826 4473 857 4480 —
873 4447 889 4496 8
904 4442 997 4496 arbem
1012 4441 1179 4514 Romanam]
1195 4441 1240 4496 Sic
1251 4445 1363 4498 Asinius
