3288 5124
666 379 803 436 03111.
826 389 867 437 rc.
1271 389 1333 452 117

184 547 318 628 ceptum
342 544 389 608 ire
413 545 597 628 coeperunt.
644 544 807 610 Labienus
830 567 889 630 per
916 545 1029 632 iugum
1054 570 1214 614 summum
1239 552 1333 617 collis

184 633 374 699 dextrorsus
397 634 510 718 procul
535 633 688 717 subsequi
711 657 777 699 non
801 634 934 699 destitit.

277 720 335 788 76.
368 720 549 805 Postquam
574 721 694 787 Caesar
718 722 758 787 ad
783 724 935 808 oppidum
960 723 1130 790 Sarsuram
1155 729 1256 812 venit,
1281 731 1365 796 in-1

183 812 409 897 spectantibus
440 811 632 876 adversariis
660 812 831 877 interfecto
861 813 1022 896 praesidio
1052 814 1225 902 Scipionis,
1259 841 1331 883 cum

139 919 157 966 5
184 901 252 966 suis
273 900 430 966 auxilium
448 900 532 964 ferre
552 923 616 964 non
638 901 806 984 auderent,
829 902 957 966 fortiter
968 895 1178 990 'repugnante
1200 906 1235 970 P.
1256 906 1331 972 Ocr-

181 991 283 1074 nclic,
313 993 447 1054 evocato
472 987 646 1072 ScipioniS,
676 991 730 1073 qui
760 990 806 1054 ibi
829 996 993 1076 praeerat,
1021 996 1118 1076 atquc
1142 1017 1161 1058 a
1185 997 1331 1062 multitu-

181 1079 256 1143 dine
280 1079 500 1144 circumvento
524 1078 760 1163 interfectoque
780 1080 898 1164 oppido
922 1081 1048 1164 potitur
1071 1086 1168 1165 atque
1192 1085 1237 1149 ibi
1265 1087 1330 1150 fru-

180 1171 292 1233 mento
325 1168 480 1233 exercitui
513 1168 589 1233 dato
626 1171 759 1252 postero
793 1169 843 1232 die
882 1170 921 1240 ad
955 1170 1107 1254 oppidum
1148 1174 1329 1254 Thysdram

179 1258 332 1342 pervenit
339 1308 347 1340 ,
371 1257 403 1321 in
429 1279 492 1340 quo
512 1254 684 1321 Considius
704 1279 761 1340 per
784 1257 817 1322 id
836 1262 965 1342 tempus
987 1259 1095 1324 fuerat
1119 1283 1190 1325 cum
1214 1265 1331 1347 grandi

117 1366 155 1412 10
179 1347 345 1431 praesidio
370 1345 565 1430 eohorteque
590 1369 647 1410 sna
671 1347 897 1430 gladiatorum.
937 1347 1055 1414 ansar
1075 1350 1186 1434 oppidi
1209 1356 1362 1417 naturai

178 1439 354 1520 perspecta
378 1457 479 1519 aquae
503 1435 614 1518 inopia
638 1436 679 1500 ab
703 1436 772 1499 eius
791 1437 1037 1521 impugnatione
1058 1439 1231 1504 deterritus
1255 1464 1328 1524 pro·

179 1527 270 1589 tinus
295 1523 460 1608 profectus
481 1524 607 1588 circiter
627 1524 718 1588 milia
736 1528 822 1608 pass.
846 1544 900 1590 1111
920 1526 960 1590 ad
980 1549 1097 1611 aquam
1118 1528 1198 1593 facit
1217 1533 1328 1595 castra

180 1618 279 1698 atque
302 1613 377 1678 inde
397 1617 514 1697 quarta
537 1613 650 1698 vigilia
669 1635 817 1698 egressus
841 1615 925 1678 redit
947 1638 1058 1680 rursus
1079 1617 1119 1682 ad
1143 1640 1180 1682 ca
1206 1622 1326 1703 castra,

251 1812 267 1859 2
296 1804 406 1861 destitit
428 1805 601 1872 APUFV;
629 1806 742 1861 desistit
763 1806 848 1860 LDc
873 1809 883 1876 l
910 1815 926 1862 3
951 1808 1096 1864 Sassuram
1119 1811 1160 1878 A,
1188 1815 1220 1865 nt
1238 1816 1276 1866 est
1295 1813 1326 1866 in

177 1879 275 1933 tabula
302 1877 522 1948 Pectiuperiaac
549 1880 558 1948 ΙΙ
592 1877 720 1947 pervenit
747 1878 774 1931 V
802 1881 812 1948 ll
847 1884 862 1932 ὅ
891 1883 1034 1949 pugnante
1065 1881 1091 1933 L
1118 1882 1128 1950 ll
1164 1888 1180 1937 8
1207 1882 1244 1936 ad
1275 1899 1326 1938 om.

180 1949 277 2003 PUF
287 1949 312 2001 V
331 1949 341 2017 ΙΙ
370 1953 401 2002 11
421 1965 512 2016 aquae
530 1949 660 2016 lipsium
688 1950 772 2018 atque
793 1952 816 2002 1)
838 1953 849 2020 ΙΙ
875 1951 955 2005 *eius
973 1951 1187 2020 impugnatione
1206 1953 1250 2019 L;
1278 1971 1327 2024 op-

177 2019 352 2090 pugnatione
372 2020 430 2073 eius
450 2020 479 2074 R
492 2023 501 2090 ΙΙ
516 2025 548 2073 12
564 2019 671 2092 *pas-s]
686 2021 711 2074 L
716 2042 728 2088 ,·
747 2037 879 2089 passuum
896 2023 935 2090 R,
953 2028 985 2077 at
1002 2023 1111 2078 uidetur
1124 2026 1134 2093 ΙΙ
1149 2027 1181 2077 13
1202 2024 1327 2096 *quarta

298 2161 885 2232 ,.

698 2207 706 2232 7

177 2357 310 2428 consequi
324 2358 399 2414 idem
415 2357 453 2413 sit
466 2358 540 2429 quod
554 2358 632 2427 sequi
646 2359 820 2429 (3131134),
839 2359 986 2429 conplures
1002 2378 1113 2431 quoque
1129 2363 1228 2417 eodem
1244 2380 1327 2419 sensu

174 2429 306 2499 intellegi
324 2431 442 2498 possunt
459 2446 515 2498 quo
530 2431 737 2500 comparativus
752 2431 854 2501 plures.
880 2463 913 2472 -
940 2437 953 2485 1
974 2433 1070 2502 iopam
1087 2449 1222 2489 summum
1236 2437 1325 2506 collis]

176 2501 256 2556 Caes.
272 2507 297 2568 2,
312 2507 384 2568 24,2
404 2517 512 2554 summo
535 2501 602 2570 iugo
627 2501 718 2569 collis,
744 2504 772 2556 et
796 2501 908 2556 inversa
930 2504 1039 2557 ratione
1059 2511 1083 2567 7,
1099 2511 1172 2572 332
1196 2507 1326 2560 omnibus

176 2573 237 2628 eius
255 2571 317 2642 iugi
337 2571 464 2626 collibus.
484 2603 517 2612 ·-
537 2579 552 2626 2
572 2574 687 2643 destitit]
708 2573 741 2626 cf.
761 2574 797 2628 ad
814 2579 857 2640 22,
874 2579 898 2629 1.

267 2643 315 2698 id.
344 2650 360 2696 3
379 2644 608 2714 inspectantibus]
627 2649 659 2698 at
673 2650 715 2712 85,
732 2651 760 2710 93
780 2644 1158 2714 adversariis=oppidanis.
1179 2677 1212 2687 -
1233 2653 1248 2701 5
1266 2665 1324 2704 riou

175 2716 321 2785 auderent]
332 2714 459 2784 quamvis
469 2715 585 2780 vellent3
601 2733 665 2770 nam
675 2733 708 2770 ex
718 2714 867 2785 participio
882 2714 1105 2784 inspectantibus
1115 2717 1323 2785 quodammodo

179 2786 326 2856 colligitur
343 2785 457 2840 caedem
477 2787 580 2841 factam
600 2802 662 2840 esse
680 2786 776 2842 inritis
796 2785 952 2857 oppidanis.
978 2818 1009 2826 -
1035 2795 1050 2841 6
1069 2791 1188 2860 evocato]
1208 2793 1240 2845 nt
1259 2789 1324 2845 Gra-

178 2857 268 2913 3111113
287 2855 337 2912 1113
357 2860 488 2912 evocatus
506 2855 535 2912 iu
551 2857 675 2912 exercitu
689 2858 825 2926 Caesaris,
845 2859 893 2926 qui
912 2858 1055 2928 superiore
1073 2876 1146 2915 anno
1165 2860 1241 2930 apud
1260 2880 1324 2916 eum

176 2931 298 2998 primum
317 2927 406 2998 pilum
424 2929 455 2982 in
472 2929 583 2998 legione
602 2929 712 2984 decima
732 2931 856 2984 duxerat.
887 2928 1076 2999 0113311191,
1092 2937 1115 2986 1.
1152 2931 1325 2989 Dicebautur

176 3002 270 3055 autem
291 2999 401 3054 evocati
421 2995 606 3069 (decicimas),
626 3001 674 3068 qui
688 3001 807 3070 expletis
827 3001 973 3070 stipendiis
993 3002 1027 3055 ab
1046 3003 1263 3072 imperatoribus
1283 3005 1324 3059 in-

174 3071 260 3126 vitati
275 3072 366 3126 denuo
380 3071 513 3126 militiam
528 3072 721 3142 capessebant.
746 3070 787 3127 cf.
798 3072 855 3127 Ioh.
868 3071 1002 3141 Schmidt,
1018 3074 1110 3128 Herm.
1122 3074 1187 3129 XIV
1198 3082 1249 3130 321
1262 3095 1322 3145 sqq.

178 3175 210 3182 -
230 3148 245 3195 l
265 3143 468 3214 interfectoque]
488 3143 652 3212 languidum
672 3145 722 3212 est,
742 3142 808 3212 quia
823 3160 906 3214 supra
920 3145 1053 3214 scriptum
1074 3149 1135 3200 erat
1155 3146 1323 3202 ‘interfecto

173 3213 334 3284 praesidio’
361 3245 393 3254 -
418 3221 434 3267 9
455 3215 613 3284 Considius]
637 3214 711 3269 idern
736 3213 784 3282 qui
803 3217 887 3272 antea
905 3216 1051 3270 Adrumeti
1069 3215 1242 3284 praefuerat3
1267 3225 1322 3286 a,1

173 3285 223 3340 ubi
242 3285 276 3340 ct.
296 3284 384 3340 adnot
406 3302 502 3354 -per
520 3287 550 3340 id
569 3285 683 3355 tempus]
703 3285 813 3341 scilicet
827 3303 860 3341 ex
875 3303 930 3355 qao
946 3284 1049 3341 Cacsar
1067 3289 1160 3342 castra
1174 3289 1209 3343 ad
1224 3292 1322 3358 Aggar

173 3357 373 3420 collocaverat3
395 3357 429 3411 cf.
444 3357 480 3410 ad
496 3363 519 3425 1,
535 3363 559 3411 3.
573 3389 602 3396 —
616 3362 649 3411 10
666 3359 818 3427 praesidio]
839 3357 1034 3425 Gaetulorum,
1055 3365 1096 3426 93,
1114 3365 1137 3411 1.
1154 3390 1186 3400 -
1202 3361 1319 3431 cohorte]

174 3443 248 3496 quae
263 3433 305 3495 93,
322 3432 335 3480 1
355 3426 460 3482 dicitur
472 3426 589 3482 familia.
605 3459 638 3468 -
656 3434 685 3482 11
707 3445 793 3498 aquae
807 3429 916 3499 inopia]
932 3429 1076 3498 probanda
1091 3433 1132 3483 est
1152 3429 1240 3500 Lipsii
1255 3448 1320 3485 oon·
1423 3479 1424 3482 ,

172 3501 290 3568 iectura,
309 3499 375 3568 quia
393 3497 494 3554 omisso
512 3499 652 3568 genetivo,
672 3499 750 3554 euius
769 3500 809 3554 rei
826 3499 922 3569 inopia
940 3499 1111 3556 laboraverit
1130 3501 1245 3570 Caesar,
1265 3518 1321 3556 uon

174 3569 243 3625 satis
261 3569 445 3639 intellegitur.
465 3602 497 3610 -
517 3571 735 3640 impugnatione]
755 3570 915 3625 defenditur
928 3570 990 3626 loco
1005 3569 1090 3624 Hirtii
1105 3578 1129 3638 8,
1145 3578 1188 3639 43,
1204 3579 1219 3626 3
1239 3591 1319 3628 revo-

172 3644 240 3697 cant
258 3641 294 3696 ab
312 3640 511 3710 impugnandis
526 3642 657 3711 operibus
673 3644 806 3710 armatos;
826 3658 899 3712 quae
914 3659 1084 3711 quamquam
1099 3643 1193 3698 differt
1211 3661 1228 3698 a
1244 3644 1321 3701 iusta

173 3713 392 3783 oppugnatione,
412 3717 507 3767 tamen
521 3716 550 3768 et
563 3711 626 3782 ipsa
640 3713 824 3782 complurium
839 3713 948 3768 dierum
962 3730 1069 3784 moram
1084 3712 1183 3769 afferre
1197 3717 1320 3784 poterat.

174 3785 214 3839 cf.
230 3783 286 3838 Cic.
300 3782 359 3842 Ait.
375 3790 400 3851 4,
416 3791 440 3851 3,
456 3791 471 3838 3
492 3784 551 3854 ipse
571 3787 683 3840 domum
703 3787 732 3839 P.
755 3784 850 3838 Sullae
868 3802 919 3854 pro
939 3784 1038 3839 castris
1061 3785 1115 3839 sibi
1134 3786 1170 3840 ad
1189 3802 1251 3840 eam
1270 3786 1321 3840 im·

173 3856 374 3926 pugnationem
395 3857 560 3925 sumpserat.
587 3889 616 3895 —
645 3864 675 3910 13
695 3861 796 3926 quarta
818 3857 917 3926 cipitia
938 3856 1005 3927 epa]
1026 3861 1097 3922 79,1
1118 3857 1204 3911 tertia
1222 3856 1322 3927 vigilia

175 3943 313 3996 egressus.
349 3926 422 3982 Ante
441 3928 533 3981 lucem
551 3926 693 3997 profectus
712 3931 756 3982 est
775 3926 883 3995 Caesar,
903 3943 938 3981 ne
957 3944 1058 3996 agmen
1075 3945 1092 3981 3
1107 3928 1224 3982 Labieni
1244 3930 1320 3995 equi·

174 3996 251 4052 tibus
270 3997 466 4053 lacesseretur.
502 3999 581 4063 Quod
601 3999 686 4067 vulgo
706 3998 799 4052 editur
819 3999 880 4052 ‘die
899 3999 1016 4067 quarto’
1042 4001 1071 4053 et
1091 4002 1205 4068 propter
1223 4002 1320 4053 verbo-

174 4087 236 4124 rum
259 4067 384 4123 ordinem
408 4070 621 4124 dubitationem
638 4073 731 4125 movet
753 4069 868 4139 (dicitur
891 4070 978 4138 enim,
1005 4071 1037 4124 ut
1059 4071 1171 4139 postero
1195 4069 1254 4138 die,
1280 4071 1322 4124 ita

175 4141 276 4211 quarto
291 4140 336 4196 die
351 4142 380 4194 et
394 4139 454 4197 sim.
470 4147 513 4205 34,
524 4147 554 4194 ὅτ
569 4147 611 4210 98,
627 4149 651 4195 2.
671 4141 749 4210 Hisp.
761 4146 804 4207 37,
815 4141 851 4210 3),
871 4141 975 4210 etipsa
990 4141 1116 4195 codicum
1131 4141 1321 4210 discrepantia

174 4211 344 4268 vocabulum
373 4211 430 4280 die,
459 4228 522 4266 cum
551 4212 601 4267 alii
624 4211 681 4267 alic
709 4212 771 4266 loco
795 4213 931 4279 inserant,
960 4211 1112 4266 insiticium
1141 4229 1200 4266 esse
1227 4214 1321 4268 docet:

174 4284 322 4354 praeterea
338 4283 415 4337 haud
433 4283 516 4338 facile
534 4283 718 4352 intellegitur,
738 4299 787 4336 cur
801 4281 902 4336 Cacsar
920 4284 977 4336 tres
996 4283 1056 4336 dies
1075 4284 1111 4336 ad
1129 4301 1231 4353 aquam
1246 4301 1320 4338 eorn-

173 4357 302 4409 moratus
321 4353 370 4422 sit,
390 4371 453 4408 cum
472 4354 545 4410 enim
565 4353 713 4409 unnedica
732 4354 871 4408 frumento
891 4352 1082 4408 distribuendo
1103 4354 1251 4424 suffecerit,
1273 4372 1322 4410 cur

140 4477 145 4480 .
172 4426 266 4480 tribus
286 4442 355 4494 opus
373 4425 428 4479 fuit
446 4427 480 4480 ad
500 4445 600 4496 aquam
620 4424 821 4480 hauriendam?
845 4457 879 4465 -
903 4426 974 4480 redit
992 4427 1030 4482 ad
1048 4427 1152 4497 castro]
1173 4427 1209 4481 ad
1229 4428 1321 4482 eastra

173 4498 215 4553 ire
236 4497 382 4552 contendit
401 4500 430 4552 et
446 4497 477 4552 in
496 4517 517 4553 c.
538 4499 701 4563 revertitur;
721 4496 753 4550 ctv
771 4501 813 4565 68,
828 4504 857 4570 4,
1108 4501 1112 4510 '
