3312 5130
668 337 863 394 APPENDIX.
1273 340 1336 404 147

194 501 337 566 breviter
356 500 599 584 perstrinxisse,
623 503 660 562 ut
677 500 837 585 locorum,
860 501 1040 584 Ruspinae,
1062 500 1192 584 Uzitae,
1215 502 1337 587 Thapsi

192 591 318 654 nullam
342 589 464 654 faceret
482 588 693 668 mentionem,
717 590 773 652 sed
791 591 961 674 nonnulla,
984 591 1156 674 inquibus
1180 614 1200 654 a
1222 592 1337 656 ceteris
1372 641 1374 650 ,

193 679 346 744 omnihus
367 677 530 762 dissentit,
554 701 627 743 eum
646 680 679 742 et
697 681 852 744 memoria
876 680 1005 764 lapsum
1024 685 1057 744 et
1073 680 1170 746 rebus
1195 681 1337 745 confusis

192 768 370 834 detorsisse
401 767 559 852 suspicari
590 767 681 851 licet3
709 769 821 853 veluti,
852 770 939 852 quod
968 769 1102 834 tradidit
1131 769 1169 833 de
1192 768 1337 834 Labieno

191 859 365 923 vulnerato
394 854 438 942 (2,
462 855 519 941 95)
549 855 590 920 ad
616 856 781 922 Petreium
808 858 949 941 pertinet
976 856 1020 942 (b.
1040 856 1110 921 Afr.
1137 858 1187 941 19,
1207 857 1255 942 l),
1279 879 1338 922 nec

191 946 367 1012 Afranium
391 967 464 1010 cum
484 943 634 1030 Scipione
654 945 791 1011 navibus
814 946 938 1030 fugisse
962 945 1006 1033 (2,
1026 944 1083 1031 97)
1107 947 1259 1011 credibile
1279 953 1338 1030 est,

193 1036 315 1121 quippe
343 1057 440 1120 quem
467 1033 502 1098 in
528 1032 642 1098 Africa
669 1035 877 1100 interiectum
907 1057 976 1101 esse
1005 1035 1174 1119 scripserit
1203 1033 1337 1100 Asinius

193 1126 226 1190 b.
249 1124 320 1188 Afr.
344 1123 397 1206 95,
420 1124 450 1187 3.
803 1183 807 1192 ,

285 1213 357 1278 Dio
390 1210 551 1277 Cassius
584 1217 711 1297 contra,
743 1217 781 1278 ut
812 1235 865 1278 res
898 1214 1059 1278 uberrime
1090 1215 1259 1297 tractavit,
1292 1215 1338 1279 ita

192 1302 362 1388 proximus
390 1305 440 1366 est
467 1301 603 1367 Polioni.
649 1301 749 1367 Cuius
776 1303 865 1368 locos
894 1302 1017 1367 similes
1046 1325 1119 1368 curn
1147 1304 1182 1367 in
1205 1303 1337 1369 adnota-

192 1392 339 1457 tionibus
364 1389 404 1456 ad
429 1413 497 1474 cap.
522 1391 574 1475 32,
593 1392 613 1456 3
638 1395 670 1456 et
694 1393 745 1474 72,
768 1393 789 1458 4
811 1393 1109 1476 perscripserimus,
1132 1393 1278 1478 legentes
1298 1393 1338 1456 ad

193 1481 271 1546 illas
298 1481 446 1566 relegere
475 1479 628 1564 sufficiat,
657 1480 851 1546 conferenda
879 1481 977 1545 etiam
1007 1486 1084 1545 sunt
1112 1503 1185 1546 eum
1213 1483 1244 1546 b.
1268 1480 1338 1546 Afr.

192 1593 264 1654 cap.
284 1571 337 1636 38.
356 1570 408 1634 39.
427 1569 479 1634 49.
499 1570 542 1633 50
579 1591 662 1652 quae
686 1569 724 1633 de
743 1570 880 1635 collibus
903 1592 1005 1654 prope
1022 1569 1154 1636 Uzitam
1173 1571 1338 1654 occupatis

192 1659 259 1724 Dio
288 1658 420 1724 Cassius
452 1659 509 1743 43,
531 1660 567 1742 4,
596 1659 668 1737 §4
697 1659 718 1722 5
751 1659 888 1742 scripsit.
940 1659 1062 1736 Quodsi
1094 1661 1159 1724 alia
1186 1661 1339 1745 leguntur

193 1748 282 1833 apud
304 1747 458 1833 Dionem,
487 1769 569 1831 quae
599 1748 640 1812 ab
671 1751 802 1813 auctore
833 1748 911 1812 belli
940 1749 1044 1814 Africi
1072 1750 1193 1814 omissa
1220 1753 1339 1815 coeunt

194 1860 271 1903 cum
293 1838 391 1902 rebus
415 1835 449 1900 in
477 1837 710 1902 commentario
737 1837 893 1921 narratis,
924 1838 1004 1902 haec
1028 1842 1064 1902 ut
1088 1861 1143 1904 eos
1166 1840 1269 1922 locos,
1300 1839 1339 1903 de

194 1926 313 2010 quibus
333 1926 429 1991 modo
450 1925 653 2010 dictumest,
676 1926 716 1990 ad
734 1927 890 1992 historias
909 1927 1055 1992 Polionis
1074 1927 1194 1992 referre
1216 1927 1338 1993 licebit.

194 2015 345 2080 Pertinet
375 2015 416 2080 ad
445 2014 507 2081 hoc
537 2036 638 2100 genus
669 2016 791 2081 dictum
820 2017 900 2080 illud
931 2014 1093 2100 Caesaris,
1126 2039 1199 2082 oum
1228 2039 1340 2100 procn-

194 2105 323 2170 buisset
346 2103 472 2170 ‘Teneo
495 2108 542 2188 te,
573 2104 711 2187 Africa',
740 2109 773 2170 et
796 2108 900 2171 multa
929 2107 1010 2192 elia3
1040 2106 1118 2190 quin
1145 2106 1243 2171 etiam
1272 2106 1338 2170 fere

194 2193 306 2260 omnia
338 2216 411 2259 cum
445 2193 550 2259 Asinii
585 2194 765 2259 rationibus
799 2196 962 2260 conciliari
995 2199 1142 2280 possunt.
1194 2195 1246 2260 Ab
1280 2202 1339 2260 hoc

193 2287 310 2348 nostro
341 2282 461 2348 iudicio
488 2305 554 2347 non
584 2284 723 2348 multum
753 2285 914 2368 deflectet,
947 2285 974 2350 si
1007 2285 1080 2368 quis
1113 2284 1252 2349 Dionem
1280 2307 1340 2348 sua

193 2395 262 2438 non
285 2394 324 2436 cx
347 2373 418 2456 ipso
440 2369 570 2455 Asinio,
594 2373 648 2436 sed
669 2395 708 2437 ex
731 2374 840 2457 aliquo
860 2374 1029 2457 scriptore,
1054 2395 1168 2458 graeco
1192 2373 1340 2456 fortasse,

194 2461 437 2546 deprompsisse
462 2461 590 2546 dixerit,
614 2463 669 2546 qui
691 2463 763 2547 ipse
779 2463 889 2527 Asinii
907 2463 1001 2527 libris
1021 2484 1099 2528 usus
1118 2466 1214 2526 esset.
1246 2462 1339 2539 Quod

195 2573 298 2616 unum
329 2551 438 2633 aliqua
468 2573 506 2615 ex
535 2555 628 2635 parte
657 2556 867 2636 repugnaret,
897 2552 963 2615 iam
992 2551 1213 2616 Froehlichius
1242 2575 1271 2635 p.
1297 2553 1338 2616 86

192 2641 330 2706 invenit.
377 2637 507 2705 Scilicet
524 2640 572 2704 ita
591 2640 721 2724 scripsit
740 2640 802 2705 Dio
818 2640 949 2706 Cassius
964 2641 1016 2722 42,
1030 2640 1083 2721 58,
1096 2641 1132 2704 4:
1157 2639 1192 2704 ἐν
1211 2636 1248 2704 δὲ
1266 2640 1339 2704 τού-

192 2753 258 2794 του
266 2727 451 2813 προσέβαλε
465 2725 526 2813 piu
539 2737 584 2816 τῷ
596 2727 799 2818 Ἀδρυμήτῳ,
815 2726 1109 2815 ἀποκρουσθεὶς
1123 2725 1160 2792 dl
1173 2727 1228 2793 καὶ
1242 2745 1341 2814 προσ-

195 2817 245 2884 έτι
259 2816 314 2884 καὶ
329 2817 365 2883 ἐκ
378 2827 439 2883 τοῦ
449 2816 674 2904 στρατοπέδου
684 2822 800 2902 βιαίως
814 2816 987 2903 ἐκβληθεὶς
1000 2815 1135 2902 μετέστη
1145 2820 1228 2904 πρὸς
1241 2822 1340 2884 πόλιν

195 2906 314 2993 ἑτέραν
332 2904 524 2990 Ῥούσπινα,
552 2930 625 2973 cum
652 2909 683 2972 b.
707 2907 776 2974 Afr.
801 2931 869 2993 cap.
893 2911 914 2973 5
942 2909 980 2972 de
1008 2912 1128 2974 conatu
1155 2908 1265 2993 oppidi
1290 2931 1341 2972 ex·

194 2997 364 3083 pugnandi
387 2997 470 3061 nihil
494 3000 538 3061 sit
560 2997 692 3063 dictum.
737 2997 775 3062 Id
802 2997 890 3062 haud
917 2998 1013 3063 facile
1037 2997 1207 3082 scriptoris
1230 2998 1340 3082 negle-

194 3087 327 3172 gentiae
350 3087 535 3170 tribuerim3
563 3109 614 3150 res
643 3090 751 3151 autem
778 3088 851 3170 ipsa
880 3092 1003 3172 monet,
1030 3091 1068 3152 ut
1093 3088 1146 3151 vix
1170 3082 1339 3153 credamus

195 3175 371 3242 Caesarem
386 3197 458 3241 cum
472 3175 579 3240 tribus
594 3175 725 3240 milibus
740 3176 884 3241 militum
898 3175 1112 3242 Adrumetum
1126 3178 1159 3242 vi
1178 3182 1340 3261 temptare

195 3288 314 3330 ausum
337 3287 420 3346 esse,
447 3286 519 3330 curn
544 3265 699 3349 oppidum
723 3266 804 3330 bene
828 3267 990 3331 munitum
1018 3269 1167 3330 tenerent
1190 3266 1272 3330 duae
1295 3268 1340 3330 le·

196 3355 321 3441 giones.
358 3353 420 3419 Sed
443 3354 580 3418 duarum
599 3355 833 3420 sententiarum
853 3357 957 3420 altera
975 3358 1087 3439 utiquc
1107 3356 1340 3438 amplectenda.

195 3446 267 3509 Aut
295 3443 425 3508 silentio
453 3443 676 3528 praetermisit
703 3445 779 3508 belli
807 3445 911 3510 Africi
935 3447 1049 3509 auctor
1075 3444 1167 3508 illum
1192 3442 1339 3508 Caesaris

193 3534 356 3618 impetum
384 3532 418 3597 in
447 3533 602 3617 oppidum
629 3533 766 3615 factum,
800 3556 872 3598 cum
900 3555 952 3598 res
981 3556 1073 3598 secus
1101 3531 1270 3598 cecidisset
1294 3530 1342 3620 (et

195 3623 260 3687 erit
291 3621 449 3704 fortasse,
489 3622 545 3705 qui
579 3621 752 3687 Caesarem
785 3623 957 3688 deditionis
990 3621 1194 3687 condiciones
1226 3622 1341 3685 tulisse

195 3711 394 3795 suspicetur,
422 3714 459 3775 ut
489 3711 747 3777 adversariorum
777 3713 903 3778 animos
928 3708 1107 3797 avocaret),
1134 3711 1280 3776 sanavit
1307 3712 1341 3774 in

194 3798 410 3866 historiarum
434 3800 541 3884 libris,
564 3801 647 3866 unde
665 3801 729 3866 Dio
748 3802 871 3866 hausit:
896 3805 952 3866 aut
975 3801 1070 3865 finxit
1089 3801 1182 3864 illum
1202 3801 1342 3885 scriptor

196 3890 317 3975 aliquis
342 3887 476 3954 Caesari
497 3890 661 3974 inimicus,
685 3914 749 3975 qua
772 3892 933 3956 sententia
956 3891 1095 3976 probata
1114 3889 1252 3954 Dionem
1275 3912 1342 3954 non

197 4001 264 4044 uno
287 3978 403 4044 Asinio
426 4002 520 4044 usum
544 4002 614 4045 esse
638 3981 792 4065 sequitur.

293 4068 418 4134 Pariter
445 4069 680 4136 Plutarchus
710 4067 781 4157 (vit.
804 4068 894 4135 Caes.
919 4091 987 4153 cap.
1011 4069 1156 4152 52-553
1184 4068 1242 4134 vit.
1270 4065 1342 4133 Cat.

201 4157 293 4243 min.)
318 4159 352 4222 in
375 4158 562 4224 universum
586 4160 806 4224 narrationem
834 4157 942 4222 Asinii
966 4158 1123 4243 sequitur,
1150 4179 1216 4222 non
1243 4180 1342 4222 unam

198 4253 327 4331 tamen,
352 4247 468 4312 scribit
490 4248 574 4312 enim
598 4271 666 4332 cap.
690 4247 733 4312 53
758 4247 795 4310 de
819 4268 929 4332 pugna
952 4247 992 4311 ad
1016 4247 1198 4329 Thapsum:
1226 4247 1262 4311 ol
1282 4243 1343 4330 plu

197 4344 304 4402 ταῦτα
322 4333 397 4423 περὶ
416 4345 473 4420 τῆς
491 4337 594 4421 μάχης
613 4335 739 4419 ἐκείνης
762 4334 1038 4420 ἀναγγέλλουσιν,
1062 4335 1097 4400 οἱ
1113 4332 1150 4400 δὲ
1174 4335 1215 4400 οὔ
1239 4353 1343 4422 φασιν

200 4426 306 4492 αὐτὸν
335 4425 370 4490 ἐν
397 4435 443 4515 τῷ
471 4427 556 4511 ἔργῳ
584 4427 749 4508 γενέσθαι.
799 4425 934 4498 Maximi
962 4429 1070 4490 autem
1099 4427 1256 4491 momenti
1285 4430 1343 4513 est,

1080 4530 1133 4585 10*
