3312 5130
649 349 844 405 recuruum.
982 422 984 426 Ι
1256 352 1318 416 157

176 538 249 580 cum
273 537 307 579 se
332 515 507 598 recepisset
530 515 563 580 in
586 515 724 600 regiam,
747 515 919 600 magnifice
939 514 1089 598 epulatus
1114 518 1164 578 est
1186 519 1318 599 postero

174 606 223 670 die
257 626 331 668 cum
362 602 491 668 Petreio
521 602 619 689 fugae
649 604 767 668 comite
796 625 955 688 superque
987 625 1116 668 mensas
1147 608 1180 668 et
1202 605 1320 687 pocula

173 693 431 758 interficiendum
461 715 495 756 se
524 692 553 756 ei
583 693 741 776 praebuit.
788 693 916 778 Ampel.
940 692 982 758 38
1009 691 1092 756 lube
1120 714 1192 757 oum
1222 715 1256 758 se
1285 695 1319 758 in

173 782 297 867 regiam
321 781 514 867 recepisset,
538 786 614 865 post
635 781 844 866 magnificam
868 804 980 846 cenam
1003 781 1261 846 interficiendum
1285 805 1320 847 se

172 871 269 936 dedit.
320 869 448 935 Horum
477 871 517 934 ad
545 870 642 934 fidem
674 892 731 934 cur
758 870 863 935 Asinii
893 871 993 935 verba
1021 893 1090 955 cap.
1120 871 1176 953 94,
1202 872 1218 934 l
1249 893 1317 936 cor-

173 965 362 1044 rexerimus,
392 959 575 1043 expositum
604 963 654 1023 est
681 959 714 1023 in
739 959 962 1042 adnotatione,
989 981 1092 1043 neque
1121 960 1206 1023 enim
1231 961 1319 1045 quis-

175 1071 272 1133 quam
295 1047 459 1113 Petreium
488 1071 507 1112 ε
534 1047 617 1113 Iuba
644 1047 854 1112 interfectum
878 1070 949 1113 esse
978 1049 1152 1112 memoriae
1177 1049 1320 1132 prodidit
1421 1079 1422 1082 ¹

173 1135 520 1290 ¹¹⁶q¹¹llss³lttttt
543 1136 1192 1291 3333ίὲ3333333ῗὲ33τί3
1217 1229 1280 1292 es

174 1321 301 1398 serunt,
324 1315 409 1378 inter
433 1313 573 1380 Graecos
599 1314 768 1398 Appianus
793 1315 822 1379 b.
847 1315 904 1379 civ.
930 1316 959 1399 2,
986 1315 1049 1379 100
1074 1311 1180 1398 Ἰόβας
1202 1311 1240 1380 δὲ
1263 1251 1318 1380 aiil

172 1404 337 1490 Πετρηίος
364 1402 525 1487 οὐδεμίαν
553 1406 671 1488 σφίσιν
700 1403 777 1468 οὔτε
807 1404 920 1486 φυγὴν
949 1403 1026 1468 οὔτε
1056 1407 1222 1490 σωτηρίαν
1251 1404 1319 1469 ἐτι-

172 1501 331 1568 νοοῦντες
355 1490 408 1556 ἐτὶ
432 1493 542 1577 διαίτῃ
566 1491 675 1575 ξίφεσι
695 1493 911 1576 διεχρήσαντο
935 1492 1111 1575 diluluum
1145 1493 1207 1557 Dio
1227 1491 1318 1558 Cass.

172 1583 225 1666 43,
245 1585 274 1665 8,
292 1584 314 1645 4
335 1578 440 1665 Ἰόβας
458 1579 590 1663 ἀπέγνω
614 1581 674 1664 τὴν
694 1585 861 1667 σωτηρίαν
884 1579 938 1646 καὶ
962 1589 1006 1669 τῷ
1030 1585 1184 1670 Πετρηίῳ
1204 1581 1318 1665 ἐμονο-

171 1671 296 1755 μάχησε
327 1668 383 1735 καὶ
416 1669 662 1735 σνναττέθανενε
693 1670 915 1736 Romanorum
945 1668 1065 1734 Seneca
1092 1672 1205 1735 rhetor
1233 1693 1317 1735 suus.

173 1759 386 1846 (Gergouius)
412 1761 445 1844 7,
466 1761 507 1825 14
535 1759 618 1824 Iuba
641 1763 673 1823 et
696 1759 843 1824 Petreius
872 1760 993 1824 mutuis
1017 1759 1203 1824 vulneribus
1228 1783 1318 1825 con-

172 1852 459 1914 cuccurrarunt
481 1852 513 1913 et
537 1853 658 1914 mortes
677 1847 918 1934 feneraverunt3
942 1849 1032 1913 cuius
1052 1848 1191 1932 vestigia
1210 1871 1318 1931 presse

172 1941 302 2002 secutus
326 1941 376 2001 est
397 1937 483 2001 filius
507 1937 623 2021 dialog.
647 1937 663 2000 Ι
687 1935 740 2022 (de
764 1936 903 2024 provid.)
927 1938 1032 2023 210:
1065 1936 1147 2002 ‘iam
1170 1935 1314 2002 Petreius

173 2031 207 2090 ct
228 2024 311 2090 Iuba
335 2031 622 2091 concurrerunt
645 2026 815 2111 iacentque
840 2027 923 2091 alter
947 2027 1081 2091 alterius
1101 2048 1199 2091 manu
1223 2029 1317 2092 caesi.

171 2115 282 2180 Fortis
308 2118 340 2179 et
359 2115 490 2200 egregia
514 2115 575 2180 fati
594 2115 780 2200 conventio,
804 2117 860 2180 sed
875 2139 957 2200 quae
975 2138 1041 2181 non
1056 2115 1168 2180 deceat
1191 2118 1318 2202 magni-

169 2204 317 2269 tudinem
346 2207 500 2270 nostram.
551 2203 631 2268 'Pam
661 2209 756 2288 turpe
789 2209 838 2270 est
867 2204 984 2270 Catoni
1014 2209 1151 2269 mortem
1179 2206 1220 2269 ab
1250 2206 1317 2270 ullo

170 2298 280 2377 petere
312 2315 409 2376 quem
438 2291 557 2358 vitam'
585 2290 669 2380 (scil.
698 2316 718 2357 a
741 2292 903 2381 Caesare).
950 2293 1081 2360 Scilicet
1104 2294 1317 2377 philosophus

169 2383 256 2447 hanc
281 2381 487 2466 potissimum
516 2383 635 2446 famam
667 2383 834 2466 amplexus
863 2385 925 2466 est,
954 2386 990 2446 ut
1017 2403 1154 2467 magnus
1183 2381 1317 2447 Catonis

172 2471 276 2536 Stoici
301 2470 427 2534 animus
448 2471 605 2535 emineret
628 2470 712 2535 inter
737 2493 806 2556 eos,
829 2472 885 2555 qui
908 2471 943 2535 in
962 2471 1190 2536 consciscenda
1213 2477 1317 2536 morte

168 2560 256 2624 alter
280 2559 416 2623 alterius
441 2582 501 2644 ope
525 2561 694 2645 indigeret.
736 2558 828 2634 Quod
852 2560 937 2644 apud
961 2560 1156 2642 Eutropium
1180 2560 1317 2643 legimus

168 2651 202 2733 6,
224 2651 269 2714 23
297 2646 370 2736 (18)
404 2647 484 2713 Cato
519 2647 628 2732 Scipio
661 2648 810 2713 Petreius
843 2647 926 2712 Iuba
960 2649 1023 2733 ipsi
1056 2670 1089 2712 se
1123 2648 1316 2733 occiderunt,

167 2741 307 2823 propter
327 2737 483 2802 orationis
503 2742 536 2802 et
555 2737 805 2803 concinnitatem
825 2743 857 2802 et
875 2739 1068 2802 brevitatem
1088 2737 1135 2801 ita
1160 2737 1317 2820 scriptum

167 2847 242 2891 esse
266 2826 470 2891 crediderim:
499 2828 610 2892 eadem
638 2830 749 2891 tamen
777 2827 905 2895 ratione.
927 2827 1041 2892 Festus
1065 2827 1152 2892 brev.
1176 2828 1197 2890 4
1221 2825 1318 2912 (Iuba

167 2919 313 2980 mortem
347 2916 410 2980 sibi
445 2916 578 3001 propria
611 2938 707 2980 manu
746 2915 926 3000 conscivit).
987 2914 1142 2998 Superest
1174 2915 1317 3001 Orosius,

167 3026 267 3089 quem
292 3026 409 3089 parum
433 3009 520 3070 recte
543 3004 671 3069 Livium
697 3011 843 3069 secutum
867 3027 937 3069 esse
961 3005 1318 3091 existimant,6,16,4

166 3092 268 3178 (Iuba
282 3093 466 3176 percussori
482 3094 630 3178 iugulum
645 3093 749 3177 pretio
765 3093 841 3158 dato
857 3094 1020 3179 praebuit,
1038 3092 1185 3159 Petreius
1206 3093 1317 3159 eodem

166 3203 207 3247 se
230 3181 340 3268 gladio
365 3181 533 3268 perfodit):
556 3205 632 3247 nam
657 3183 860 3268 aliquantum
885 3184 954 3248 abit
977 3206 996 3246 a
1019 3183 1129 3267 Livio,
1156 3187 1208 3269 ut,
1232 3185 1260 3247 si
1283 3205 1316 3246 rc

165 3293 245 3337 vere
272 3281 331 3336 sua
356 3293 395 3336 ex
419 3270 510 3336 Livio
535 3272 659 3355 hausit,
687 3294 737 3336 res
764 3272 880 3336 mirum
905 3273 938 3336 in
968 3273 1098 3336 modum
1128 3273 1338 3338 confuderit
