3288 5124
305 357 348 422 58
702 356 847 412 Brauon
865 355 1033 412 Aralcurr.

306 520 505 584 frumentum
528 523 576 604 et,
599 543 819 606 quaecumque
845 523 921 602 [res]
947 520 993 584 eis
1017 522 1238 605 suppeterent,
1266 521 1450 585 communis

271 627 286 675 2
306 610 425 674 salutis
440 610 546 695 gratia
561 610 874 676 subministraturos.
908 610 1031 685 Quibus
1046 609 1142 674 rebus
1156 608 1251 673 facile
1271 632 1289 674 a
1309 607 1450 675 Caesare

307 699 490 781 impetratis
513 699 740 784 praesidioque
764 699 852 782 dato,
877 697 911 765 O.
936 698 1103 782 Messium,
1131 697 1279 763 aedilicia
1302 698 1450 764 functum

270 791 483 872 apotastate,
512 788 664 870 Acyllam
691 789 782 853 iubet
810 788 978 872 proficisci.
1030 787 1153 864 Quibus
1182 787 1278 852 rebus
1306 790 1449 874 cognitis

306 875 478 943 Considius
502 877 648 963 Longus,
675 879 730 962 qui
758 877 930 942 Adrumeti
958 899 1031 942 cum
1059 876 1183 941 duabus
1206 876 1390 961 legionibus
1414 882 1485 951 etc

306 967 469 1051 equitibus
498 983 566 1032 nco
594 969 757 1051 praeerat,
786 966 933 1032 celeriter
961 965 1008 1030 ibi
1035 970 1128 1050 parte
1157 965 1309 1049 praesidii
1332 967 1450 1032 relicta

270 1074 287 1120 4
306 1078 378 1119 cum
403 1074 466 1119 vr11
485 1055 673 1121 cohortibus
698 1057 737 1121 ad
756 1055 909 1140 Acyllam
933 1056 978 1119 ire
998 1055 1172 1120 contendit.
1204 1053 1343 1120 Messius
1367 1057 1449 1120 cele·

306 1146 371 1208 rius
395 1145 510 1209 itinere
534 1144 680 1210 confecto
704 1145 793 1229 prior
814 1145 961 1228 Acyllam
985 1166 1057 1208 cum
1081 1143 1268 1209 cohortibus
1292 1146 1450 1227 pervenit.

270 1251 286 1298 5
306 1231 479 1298 Considius
503 1234 648 1318 interim,
677 1255 750 1299 cum
774 1234 814 1298 ad
842 1234 956 1298 urbem
979 1233 1169 1299 accessisset
1192 1255 1265 1298 cum
1289 1233 1390 1316 copiis
1413 1241 1450 1300 et

306 1321 603 1406 animadvertisset,
640 1322 838 1406 praesidium
872 1320 1021 1387 (laeseris
1051 1323 1098 1387 ibi
1131 1344 1215 1405 esse,
1251 1344 1317 1387 non
1349 1345 1508 1396 ausus10

305 1411 484 1494 periculum
508 1434 641 1476 suorum
664 1411 770 1477 facere
793 1413 884 1477 nulla
907 1433 941 1476 re
965 1415 1059 1496 gesta
1081 1434 1141 1495 pro
1161 1410 1369 1476 multitudine
1391 1412 1451 1477 ho-

305 1502 429 1564 minum
461 1523 573 1565 rursus
602 1523 636 1565 se
663 1499 879 1566 Adrumetum
906 1502 1042 1584 recepit3
1076 1501 1202 1584 deinde,
1234 1501 1344 1583 paucis
1372 1507 1451 1586 post

306 1590 418 1654 diebus
438 1590 641 1675 equestribus
662 1591 762 1674 copiis
782 1590 823 1654 ab
842 1589 986 1655 Labieno
1006 1589 1166 1674 adductis,
1190 1611 1301 1654 rursus
1327 1589 1451 1674 Acylli·

305 1683 400 1743 tanos
425 1680 540 1743 castris
563 1679 679 1762 positis
704 1680 852 1744 obsidere
874 1679 990 1764 coepit.

271 1785 284 1831 1
394 1766 453 1834 34.
486 1767 548 1832 Per
566 1769 653 1833 idem
671 1771 800 1853 tempus
820 1766 853 1834 d.
874 1765 1036 1833 Salustius
1053 1766 1204 1854 Crispus,
1228 1789 1324 1851 quem
1347 1770 1448 1854 paulo
1471 1791 1506 1840 15

395 1984 408 2032 l
428 1979 516 2050 *[res]
536 1981 698 2034 inclusimus
720 1982 730 2049 l
752 1980 804 2050 eis]
825 1979 851 2033 L
869 1996 918 2034 sec.
938 1995 1023 2034 mauu
1040 1995 1100 2047 cap.
1119 1994 1187 2047 εον,
1215 1979 1241 2032 ei
1259 1979 1423 2034 APUFV
1440 1978 1450 2052 ll

304 2051 521 2121 *suppeterent]
541 2053 704 2120 suppeteret
723 2052 746 2105 0
768 2054 778 2120 ιΙ
801 2058 817 2106 6
835 2050 877 2105 ibi
895 2067 946 2106 cm.
966 2051 991 2104 L
1013 2051 1022 2118 ΙΙ
1051 2056 1066 2105 7
1086 2050 1214 2104 celeriter
1232 2050 1294 2104 LV
1314 2053 1323 2121 ΙΙ
1346 2057 1362 2105 3
1379 2050 1449 2106 *ac-

305 2123 434 2176 cessisset
453 2139 514 2175 cum
535 2140 557 2176 c.
577 2123 617 2186 L;
641 2139 703 2176 cum
723 2139 746 2178 c.
765 2139 789 2176 a.
809 2123 837 2178 a
860 2124 869 2192 ΙΙ
900 2127 932 2176 19
953 2139 982 2176 sc
1001 2138 1050 2177 om.
1070 2121 1097 2175 L
1119 2122 1128 2189 l
1150 2121 1247 2190 paucis
1266 2123 1331 2191 post
1348 2122 1448 2177 diebus

304 2193 331 2247 L
349 2195 424 2262 (post
442 2193 514 2247 inter
533 2209 625 2249 cerem
644 2195 684 2262 P;
702 2210 752 2248 om.
771 2194 802 2249 D
817 2211 861 2262 pr.
881 2195 999 2263 11111113
1017 2191 1207 2262 Acyllistanos
1225 2194 1252 2246 A
1265 2193 1275 2261 11
1300 2198 1331 2247 15
1351 2193 1447 2248 *idem

303 2263 380 2332 LF;
398 2263 428 2318 id
446 2264 475 2318 R
488 2267 498 2332 ΙΙ
512 2264 662 2334 (Salustius
681 2266 774 2320 Aur
784 2266 851 2335 VD)
866 2265 875 2334 l
889 2263 994 2334 *paulo
1013 2263 1092 2334 ante]
1111 2264 1208 2333 paucis
1226 2266 1292 2318 ante
1311 2264 1448 2320 diebusO

394 2485 407 2532 1
427 2478 478 2550 cis]
499 2505 531 2524 =
551 2477 618 2545 sibi,
637 2478 668 2532 in
687 2476 832 2532 enuntiato
852 2477 1030 2544 secundario,
1056 2478 1104 2545 qui
1122 2494 1188 2532 usus
1207 2477 1380 2547 pronominis
1399 2480 1447 2534 de-

303 2551 481 2605 monstrativi
504 2568 567 2605 cum
591 2551 666 2620 apud
690 2549 761 2605 alios
787 2551 938 2619 scriptores
963 2550 1008 2618 (cf.
1031 2549 1167 2619 Draeger,
1197 2550 1269 2619 synt.
1289 2551 1300 2604 Ι
1319 2556 1334 2615 ξ
1353 2556 1397 2618 99,
1415 2553 1446 2622 b)

303 2621 436 2690 occurrit,
456 2623 517 2675 tum
536 2622 611 2692 apud
626 2621 769 2676 Polionem
784 2621 936 2677 admodum
955 2620 1086 2688 frequens
1106 2622 1161 2675 est:
1181 2627 1255 2688 58,4
1274 2639 1337 2676 eum
1353 2646 1387 2666 =
1401 2639 1446 2690 se;

304 2697 377 2760 1111
397 2692 457 2747 eius
473 2719 507 2738 =
521 2709 600 2760 suus3
621 2700 663 2760 69,
679 2699 702 2748 5.
724 2699 765 2760 79,
784 2699 796 2746 1
817 2709 913 2747 eorum
932 2719 966 2738 =
986 2709 1107 2747 suorum.
1128 2723 1161 2732 —
1181 2709 1202 2746 c.
1221 2694 1321 2748 calatia
1337 2695 1446 2766 pratia]

304 2765 458 2819 communis
477 2763 577 2818 salutis
596 2781 681 2819 causa
700 2764 777 2820 Caes.
799 2771 823 2827 7,
844 2770 868 2832 9,
889 2771 912 2818 1.
938 2770 964 2832 7,
982 2771 1024 2831 99,
1045 2770 1073 2828 7,
1100 2763 1200 2819 salutis
1219 2764 1343 2818 omnium
1361 2781 1448 2821 causa

303 2834 358 2888 Cic.
374 2834 460 2890 divin.
476 2835 555 2890 anc.
571 2842 599 2898 93
621 2835 701 2890 Catil.
716 2841 742 2901 4,
757 2842 781 2891 3.
811 2834 851 2890 cf.
867 2836 902 2890 ad
917 2842 960 2902 46,
972 2841 996 2888 4.
1014 2867 1045 2876 -
1060 2842 1077 2890 3
1091 2835 1232 2906 aedilicia]
1249 2839 1281 2890 111
1295 2853 1338 2905 ap.
1354 2835 1445 2892 Plant

304 2905 383 2975 Capt.
409 2911 460 2960 893
487 2907 633 2961 aediliciae
658 2908 824 2971 edictionem
847 2906 998 2961 tribunicia
1021 2907 1153 2975 potestas.
1191 2907 1332 2962 Ciceronis
1352 2910 1447 2962 autem

303 2979 395 3031 aetate
429 2977 529 3031 ‘homo
558 2976 720 3032 aedilicius’
752 2978 911 3047 dicebatur,
943 2978 992 3045 qui
1019 2977 1166 3047 dignitatis
1198 2980 1273 3033 esset
1300 2977 1446 3034 aedilicias

302 3047 409 3116 (Cyrill.
434 3047 514 3117 Oorp.
535 3048 572 3118 gl.
597 3049 622 3102 11
641 3055 702 3117 917,
721 3057 736 3103 9
761 3045 951 3120 ἄγορανόμοςε
981 3048 1123 3116 edilicius,
1147 3049 1253 3119 edilis),
1276 3050 1349 3103 unde
1372 3067 1447 3107 nova

301 3118 422 3172 nominis
448 3120 525 3174 notio
549 3120 676 3188 emersit,
701 3122 733 3174 ut
756 3120 902 3175 aedilicius
925 3121 1077 3188 diceretur,
1100 3120 1149 3188 qui
1168 3120 1314 3175 aedilitate
1332 3120 1446 3176 functus

304 3192 386 3243 esset.
424 3191 503 3245 Hanc
523 3194 553 3245 111
571 3190 674 3246 vitaret
692 3192 920 3262 ambiguitatem,
943 3191 1057 3246 Asinius
1080 3191 1182 3246 maluit
1198 3191 1446 3248 circumlocutione

302 3261 352 3315 uti.
381 3262 463 3316 Arch.
482 3263 536 3316 lex.
554 3262 603 3318 lat.
624 3262 723 3318 11496.
744 3295 776 3304 -
802 3263 975 3333 tpruccrat]
996 3269 1059 3328 3,1.
1080 3293 1113 3302 -
1133 3269 1149 3317 7
1169 3264 1206 3318 od
1219 3263 1358 3334 Acyllam]
1379 3265 1446 3332 quia

302 3331 428 3400 Acyllam
443 3351 499 3388 non
514 3334 602 3401 venit3
622 3334 650 3387 in
666 3336 715 3389 der
729 3334 872 3404 Richtung
886 3334 937 3390 auf
947 3334 980 3387 A.
1001 3365 1034 3373 -
1054 3339 1069 3388 8
1090 3351 1151 3389 cam
1169 3335 1334 3405 cohortibus]
1354 3335 1445 3389 tribus

301 3404 359 3457 fere
374 3404 419 3458 vel
433 3407 578 3473 quattuor,
598 3407 630 3458 ut
648 3404 793 3475 colligitur
808 3423 841 3460 ex
860 3412 875 3472 ς
891 3411 907 3460 5
924 3403 1140 3459 ‘multitudine’
1163 3406 1228 3472 (nisi
1246 3405 1341 3474 potius
1360 3407 1446 3462 rerba

302 3477 337 3528 ab
362 3474 564 3545 interpolatore
590 3477 688 3531 addita
713 3480 789 3544 sunt,
819 3495 884 3531 nam
911 3477 961 3530 aut
983 3475 1160 3531 scribendum
1189 3480 1251 3531 erat
1279 3478 1359 3531 ‘cum
1386 3479 1444 3532 suis

301 3546 489 3616 cohortibus’,
509 3553 540 3601 ut
558 3547 677 3602 Messius
691 3546 822 3603 Considio
842 3549 1040 3617 opponeretur,
1060 3550 1110 3601 aut
1124 3549 1158 3602 de
1172 3565 1286 3602 numero
1302 3549 1444 3618 copiamm

301 3623 346 3682 §2
367 3617 514 3672 dicendum
534 3621 612 3685 erat).
632 3651 665 3659 —
686 3627 717 3673 11
733 3621 889 3689 periculam
902 3636 1014 3675 sacram
1032 3619 1066 3690 fi]
1085 3619 1191 3674 locutio
1210 3619 1286 3673 haud
1300 3635 1370 3688 rara,
1388 3619 1444 3674 nisi

301 3688 375 3755 quod
390 3689 554 3758 plerumque
570 3690 604 3743 de
619 3690 746 3745 hostibus
761 3691 874 3758 dicitur3
895 3697 937 3758 79,
954 3697 967 3743 1
987 3689 1128 3759 legionum
1148 3710 1174 3761 p.
1190 3691 1208 3744 f.
1237 3688 1314 3748 Caes.
1331 3698 1354 3755 1,
1369 3697 1411 3758 40,
1426 3697 1443 3746 5

301 3759 407 3812 factum
426 3760 486 3814 eius
506 3761 595 3815 hostis
613 3760 837 3830 (Germanorum)
855 3761 1010 3831 periculum
1030 3766 1142 3831 patrum
1160 3763 1303 3816 memoria.
1340 3761 1443 3818 Nostro

300 3830 362 3883 loco
383 3833 433 3885 est:
464 3832 598 3886 virtutem
622 3851 733 3886 suorum
754 3833 874 3887 militum
895 3834 1021 3902 experiri.
1047 3863 1079 3873 -
1103 3834 1292 3904 multitudiue]
1316 3836 1379 3888 octo
1397 3851 1443 3888 co-

300 3901 434 3956 hortium.
459 3935 489 3942 —
517 3910 549 3957 12
568 3903 677 3974 rursus]
701 3904 830 3973 Acyllam
850 3905 966 3958 revertit
984 3903 1174 3974 oppidumque
1193 3905 1321 3959 obsidere
1340 3904 1442 3974 coepit.

300 4003 333 4011 -
364 3979 397 4027 14
420 3974 551 4045 obsidere]
581 3992 615 4029 ex
637 3977 690 4029 hoc
713 3976 797 4030 verbo
821 3975 956 4044 oppidum
980 3977 1056 4031 vallo
1079 3975 1281 4044 moenibusque
1305 3976 1443 4031 munitum

299 4044 385 4100 fuisse
405 4044 533 4100 conicere
551 4046 626 4100 licet.

390 4115 440 4172 34.
476 4123 508 4172 15
533 4134 584 4186 per
611 4119 683 4171 idem
705 4118 819 4188 tempus]
843 4117 969 4184 interim,
996 4117 1027 4172 id
1051 4119 1106 4172 est:
1136 4117 1202 4171 dum
1227 4117 1381 4187 Acyllitani
1405 4119 1443 4174 ad

301 4183 424 4242 Caesaris
453 4204 565 4243 causam
594 4205 623 4242 se
647 4187 813 4259 adiungunt.
851 4189 892 4244 Ol.
916 4190 952 4243 ad
978 4198 1001 4258 1,
1021 4197 1044 4244 9,
1075 4221 1108 4229 -
1137 4191 1221 4256 paulo
1244 4190 1318 4260 autc]
1343 4190 1372 4243 id
1391 4193 1443 4259 est,

302 4276 387 4326 supra
407 4278 467 4329 cap.
487 4265 512 4327 8,
533 4266 556 4314 3.
595 4260 635 4314 cf.
656 4266 698 4328 94,
720 4267 732 4314 1
753 4279 822 4329 quas
841 4262 925 4331 paulo
945 4264 1009 4315 ante
1030 4261 1296 4328 demonstravimus,
1316 4268 1357 4329 41,
1377 4268 1393 4315 3
1412 4260 1444 4315 in

301 4344 334 4380 eo
354 4328 428 4396 loco,
448 4348 503 4398 quo
523 4332 606 4400 paulo
622 4333 687 4386 ante
702 4332 932 4395 commemoravi;
952 4339 1035 4399 39,1.
1059 4337 1102 4400 51,
1118 4339 1142 4386 6.
1167 4338 1240 4400 96,9
1260 4334 1338 4398 aute;
1358 4337 1441 4400 511.

302 4405 387 4464 73,1.
412 4406 600 4472 8931111111.
640 4402 719 4466 Quod
744 4402 772 4456 in
798 4405 878 4458 codd.
904 4405 934 4457 et
959 4404 1020 4459 edd.
1045 4405 1089 4458 est
1108 4402 1221 4472 ‘paucis
1240 4405 1306 4458 ante
1325 4403 1440 4458 diebuu’

300 4469 366 4525 ideo
382 4474 570 4542 suspicionem
585 4475 688 4541 movet,
703 4475 777 4542 quod
792 4473 963 4544 computatis
976 4474 1149 4544 temporibus
1165 4474 1330 4530 Sallustium
1345 4475 1442 4530 multis
