3312 5130
691 389 767 448 one.
787 397 830 446 ee.
849 398 892 446 66.
983 353 986 358 ’
1300 397 1364 461 135

216 560 321 638 tatur,
352 577 464 620 omnes
495 557 532 618 ut
554 557 668 638 portae
693 555 907 636 aperirentur:
941 579 975 620 se
1005 547 1039 621 in
1067 557 1102 624 C.
1125 557 1274 624 Caesaris
1304 563 1364 626 ele-

216 645 340 709 mentia
363 665 517 728 magnam
537 666 626 727 spem
646 643 774 708 habere.
816 643 931 729 Itaque
951 647 1054 728 portis
1073 647 1247 731 patefactis
1267 649 1364 715 Utica
1384 669 1398 716 7

217 755 367 820 egressus
398 733 529 798 Caesari
556 732 746 815 imperatori
775 733 905 798 obviam
934 735 1160 819 proficiscitur.
1212 737 1362 822 Messala,

216 828 253 888 61
276 827 347 887 erat
368 824 576 906 imperatum,
606 821 736 887 Uticam
765 824 911 906 pervenit
940 824 1153 909 omnibusque
1183 827 1286 910 portis
1311 851 1362 893 cu-

174 935 192 982 6
216 913 340 978 stodias
364 913 465 997 ponit.

306 999 364 1066 89.
397 998 518 1066 Caesar
541 999 671 1064 interim
696 1023 714 1064 a
738 999 869 1084 Thapso
901 1023 1091 1086 progressus
1117 1002 1269 1068 Ussetam
1292 1023 1395 1088 per-1

214 1091 314 1174 venit,
337 1090 394 1154 ubi
413 1088 521 1172 Scipio
541 1110 695 1174 magnum
713 1111 881 1153 numerum
901 1091 1066 1174 frumenti,
1088 1115 1263 1176 armorum,
1283 1095 1362 1159 telo-

215 1203 303 1264 rum,
336 1183 517 1244 ceterarum
541 1200 647 1242 rerum
676 1200 749 1242 cum
781 1200 883 1262 parvo
915 1179 1078 1263 praesidio
1110 1182 1277 1246 habuerat.
1323 1183 1396 1248 lde

215 1269 391 1334 adveniens
421 1267 560 1352 potitur,
594 1267 707 1331 deinde
740 1266 952 1332 Adrumetum
980 1270 1136 1352 pervenit.
1188 1270 1257 1346 Quo
1287 1295 1359 1336 cum

155 1380 192 1426 ιο
214 1358 284 1422 6166
305 1379 396 1422 mora
415 1356 597 1440 introisset,
621 1353 731 1437 armis,
755 1355 918 1421 frumento
937 1358 1137 1443 pecuniaque
1157 1361 1360 1424 considerata

215 1446 251 1522 Q.
271 1446 420 1531 Ligario,
439 1444 475 1510 C.
490 1444 642 1510 Considio
662 1445 745 1527 filio,
769 1445 824 1529 qui
843 1449 913 1510 tum
932 1445 979 1509 ibi
999 1448 1139 1529 fuerant,
1163 1449 1264 1514 vitam
1284 1472 1360 1514 con-

214 1535 321 1600 cessit.
359 1534 481 1598 Deinde
500 1534 611 1598 eodem
631 1534 681 1598 die
699 1532 880 1599 Adrumeto
900 1556 1049 1620 egressus
1068 1535 1212 1602 hivineio
1233 1539 1359 1623 Regulo
1378 1558 1394 1603 3

214 1647 287 1689 cum
310 1624 438 1708 legione
461 1623 508 1687 ibi
531 1623 646 1688 relicto
671 1622 801 1688 Uticam
825 1623 872 1687 ire
896 1624 1070 1690 contendit.
1106 1625 1166 1691 Cui
1186 1627 1220 1690 in
1242 1627 1395 1692 itinerar

214 1715 252 1777 fit
276 1713 391 1778 obvius
415 1712 451 1776 L.
466 1711 587 1777 Caesar
610 1715 642 1776 et
670 1711 777 1776 subito
803 1735 837 1777 se
861 1712 900 1776 ad
925 1734 1030 1798 genua
1054 1715 1171 1798 proicit
1196 1717 1360 1798 vitamque

154 1824 191 1872 15
215 1802 279 1867 sibi
303 1824 406 1886 neque
431 1801 571 1886 amplius
596 1801 767 1885 quicquam
792 1801 989 1885 deprecatur.
1037 1802 1097 1868 Cui
1121 1803 1241 1869 Caesar
1264 1804 1359 1869 facile
1379 1824 1395 1870 5

213 1897 248 1956 et
271 1914 330 1975 pro
354 1894 473 1955 natura
496 1913 554 1954 sua
577 1894 610 1954 et
633 1912 691 1975 pro
716 1890 868 1954 instituto
893 1892 1067 1976 concessit,
1090 1893 1169 1956 item
1193 1892 1358 1978 Caecinae,

306 2031 380 2102 lin]
400 2030 456 2084 III·
475 2031 533 2100 Li
559 2036 574 2084 2
599 2031 687 2098 portis
712 2029 795 2084 factis
819 2030 847 2083 A
879 2033 888 2100 ΙΙ
920 2031 1001 2103 111166
1026 2047 1136 2102 gressus
1160 2031 1286 2088 Caesaris
1305 2034 1358 2086 im-

213 2102 355 2172 peratorio
373 2103 448 2156 viam
467 2104 494 2154 A
521 2105 530 2171 ΙΙ
558 2101 710 2170 badponit
733 2102 847 2156 coniecit
869 2101 968 2156 Norat
994 2105 1004 2172 1
1031 2103 1103 2156 oab
1127 2103 1239 2172 Thapso
1257 2104 1299 2170 L;
1323 2105 1358 2158 de

212 2175 327 2242 Thapso
347 2174 377 2226 D
396 2177 406 2243 1
426 2174 556 2228 Ussetam
575 2173 670 2227 APU
673 2173 703 2226 F
711 2172 747 2238 V;
765 2174 881 2227 Usetam
896 2173 936 2238 L;
954 2175 986 2227 ut
1005 2174 1102 2228 Zetam
1122 2177 1152 2241 ἃς
1172 2176 1282 2229 Uritam
1300 2177 1358 2230 cod.

211 2247 398 2309 Patavinae&
426 2245 574 2299 Lusseram
597 2243 627 2297 D
654 2246 663 2313 ΙΙ
696 2251 710 2297 7
735 2245 902 2298 *numerum
926 2244 1057 2298 frumenti
1082 2247 1197 2311 Noca'lc;
1224 2245 1355 2300 frument'

211 2333 360 2370 numerum
386 2317 408 2369 O
435 2318 444 2383 ΙΙ
471 2316 680 2370 8*ceterarum
699 2316 740 2382 L;
767 2316 979 2382 ceterarumque
1006 2315 1034 2370 R
1061 2319 1070 2385 ΙΙ
1099 2323 1128 2370 11
1160 2318 1277 2384 hegerio
1303 2319 1330 2370 A
1351 2318 1360 2387 11

210 2387 300 2441 vitam
319 2404 368 2440 cm.
388 2388 416 2441 A
441 2389 450 2455 ΙΙ
475 2393 506 2440 12
527 2385 571 2439 (116
591 2403 641 2442 om.
660 2388 687 2440 L
711 2389 720 2456 ΙΙ
748 2390 782 2439 14
801 2385 949 2452 subitoque
970 2386 996 2439 A
1020 2389 1029 2456 ΙΙ
1056 2389 1139 2441 ianua
1158 2389 1186 2442 P
1205 2391 1214 2458 ΙΙ
1236 2388 1359 2458 *proicit

210 2458 340 2514 APUF
350 2459 388 2522 V;
407 2457 525 2525 proiecit
542 2457 571 2512 R
598 2458 607 2525 ΙΙ
636 2457 814 2512 1116616616
833 2457 932 2511 Noodlc
958 2459 968 2528 l
997 2463 1029 2512 16
1049 2475 1100 2512 666
1118 2463 1219 2512 natura
1237 2460 1265 2513 A
1292 2462 1301 2527 ΙΙ
1329 2461 1358 2512 61

211 2531 342 2583 instituto
361 2529 388 2582 A
415 2532 424 2596 ΙΙ
451 2531 514 2595 fort.
534 2530 614 2585 scrib.
634 2528 666 2584 A.
688 2527 824 2584 Caecinae

303 2660 315 2706 1
340 2670 430 2709 omncs
447 2659 479 2708 at
493 2653 603 2724 portae]
625 2654 659 2707 de
678 2651 858 2708 distinctione
877 2652 1025 2708 verborum
1044 2652 1078 2708 61.
1099 2658 1113 2718 5
1134 2659 1149 2707 ‘1
1170 2653 1199 2707 ct
1218 2659 1290 2722 63,1
1311 2671 1356 2709 66-

209 2727 350 2792 hortatur,
368 2742 464 2779 omnes
483 2729 515 2778 ut
533 2741 563 2778 se
583 2742 668 2779 naves
686 2725 932 2791 consequerentur;
952 2728 1034 2790 37,1.

301 2796 350 2852 89.
378 2803 394 2850 6
418 2796 550 2866 Ussetam]
575 2813 647 2864 quac
671 2813 754 2864 supra
773 2798 827 2864 (41,
846 2802 862 2848 2
882 2796 947 2864 616.)
972 2795 1049 2850 dicta
1068 2797 1111 2850 est
1130 2795 1221 2862 Uzita,
1247 2797 1356 2850 utiam

208 2869 373 2922 Mannertus
394 2870 468 2922 recte
483 2868 638 2935 suspicatus
654 2869 722 2936 erat,
741 2868 771 2922 et
788 2867 907 2921 fortasse
926 2867 1023 2921 eadem
1038 2884 1102 2922 eum
1118 2866 1221 2936 oppido
1237 2868 1356 2923 Ucitano

110 2957 118 2973 ·
210 2958 228 2994 a
248 2939 338 2994 Plinio
357 2940 413 2992 nat.
434 2939 459 2994 h.
475 2944 500 3006 5,
515 2944 548 2992 29
568 2940 795 2993 commemorato.
815 2969 847 2976 —
868 2945 882 2991 7
902 2955 1043 2993 numeram
1061 2938 1206 3009 frameati]
1225 2941 1356 3008 genetivo

210 3009 377 3080 postposito,
396 3012 428 3065 ut
446 3017 471 3076 8,
486 3017 509 3063 3.
531 3016 556 3077 9,
572 3016 596 3064 2.
616 3015 698 3077 21,1,
718 3015 761 3076 34,
776 3017 800 3064 3.
821 3014 863 3076 611,
878 3014 903 3064 2.
923 3014 965 3077 07,
981 3016 1005 3065 4.
1026 3041 1058 3049 -
1079 3016 1095 3064 8
1115 3011 1275 3080 camaram]
1298 3009 1354 3064 Cic.

209 3084 265 3150 leg.
280 3098 337 3149 agr.
350 3087 375 3149 2,
386 3087 419 3136 38
434 3080 464 3134 in
479 3079 636 3149 mancipiis,
656 3080 854 3150 suppellectili,
873 3080 972 3135 ceteris
986 3081 1081 3146 rebus;
1100 3081 1137 3135 id.
1148 3081 1255 3135 Verris.
1270 3087 1355 3149 1,108

208 3152 310 3222 (leges)
321 3151 449 3207 Cornelia
458 3152 679 3218 testamentaria,
693 3150 859 3219 nummaria,
874 3155 983 3206 ceterae
994 3155 1163 3220 complutam
1179 3171 1205 3221 p.
1217 3152 1297 3207 Font.
1307 3159 1354 3220 463

209 3244 237 3294 p.
253 3223 404 3288 Scaur493
424 3224 461 3288 id.
477 3223 557 3276 Tusc.
569 3229 593 3289 4,
605 3229 638 3277 66
654 3224 780 3291 honores,
800 3223 924 3290 divitias,
945 3223 1112 3292 voluptates,
1132 3224 1238 3291 cetera;
1258 3223 1356 3278 addita

209 3295 312 3364 copula
326 3295 393 3350 Sall.
404 3294 463 3364 Iug.
474 3299 545 3361 43,3
565 3311 643 3348 arma
662 3293 719 3348 tela
738 3311 824 3362 equos
843 3295 872 3348 et
891 3296 985 3348 cetera
1002 3293 1196 3349 instrumenta.
1217 3325 1251 3334 —
1271 3303 1286 3349 9
1306 3297 1355 3350 ad·

208 3367 330 3437 6661666]
350 3367 440 3436 primo
460 3363 556 3420 statim
575 3366 707 3433 adventu,
726 3381 759 3420 ex
773 3366 887 3432 itiners;
906 3365 960 3418 nisi
975 3364 1064 3419 mavis
1080 3365 1259 3434 participium
1275 3383 1353 3434 prae-

209 3437 298 3492 sentis
321 3454 371 3506 pro
395 3436 500 3492 aoristo
523 3436 646 3505 positum
669 3435 861 3505 interpretari,
888 3437 965 3490 cuius
987 3436 1119 3490 licentiae
1144 3437 1219 3505 apud
1244 3436 1354 3490 Livium

208 3509 278 3563 satis
298 3509 387 3563 multa
406 3507 584 3562 inveniuntur
608 3509 743 3576 exempla.
773 3507 812 3562 Cf.
828 3514 870 3575 42,
886 3513 928 3574 66,
944 3506 1006 3561 aM.
1027 3506 1171 3562 Lucretius
1191 3505 1354 3562 Chalcidem

208 3580 368 3647 adveniens,
389 3598 450 3634 cnm
470 3579 627 3633 Haliartum
646 3578 803 3648 oppugnari
822 3579 955 3645 audisset,
975 3577 1113 3646 nuntium,
1135 3578 1185 3646 qni
1204 3578 1354 3633 abscedere

207 3669 273 3707 eum
292 3650 357 3704 inde
376 3650 497 3716 iuberet,
516 3649 602 3708 misit.
641 3649 680 3706 Cf.
701 3651 730 3705 C.
749 3649 780 3706 Ε,
800 3648 950 3718 Giithling,
971 3650 1010 3704 Dc
1029 3648 1102 3702 Livii
1124 3649 1249 3704 oratione
1264 3648 1289 3701 lI
1308 3650 1353 3718 (de

207 3722 387 3792 participiis).
406 3721 486 3789 Ligu.
499 3727 574 3776 1812.
586 3727 603 3774 4
613 3738 653 3789 sq.
664 3753 697 3762 -
710 3728 741 3774 11
756 3722 785 3790 Q.
796 3720 925 3791 Liparae]
941 3725 1059 3775 annoso
1074 3723 1138 3774 6616
1149 3721 1211 3776 Chr.
1227 3721 1353 3789 ‘legatus

208 3797 238 3848 in
252 3793 375 3847 Africam
395 3811 458 3848 cum
473 3793 501 3846 C.
517 3792 649 3847 Considio
667 3793 808 3862 profectus
823 3794 896 3858 erat;
916 3809 971 3860 qua
989 3792 1018 3845 in
1036 3789 1178 3861 legatione
1198 3792 1228 3845 et
1246 3790 1353 3846 civibus

208 3867 239 3920 61
258 3863 342 3919 666116
360 3863 402 3919 ita
420 3879 450 3917 sc
468 3865 612 3933 probavit,
635 3867 667 3918 ut
686 3864 823 3918 decedens
843 3863 989 3918 Considius
1008 3861 1155 3931 provincia
1173 3863 1242 3917 satis
1261 3862 1352 3917 facere

207 3933 369 3991 hominibus
393 3953 448 3989 non
472 3936 578 4004 posset,
605 3935 627 3989 si
653 3952 821 4004 quemquam
849 3935 935 3988 alium
961 3933 1122 4003 provinciae
1147 3934 1351 4002 praefecisset’.

209 4009 266 4062 Cic.
286 4025 312 4075 p.
331 4005 392 4074 hig.
408 4013 432 4060 2.
472 4006 514 4058 ‘Is
533 4009 576 4060 est
595 4007 626 4071 Q.
643 4007 779 4076 Ligarius,
799 4005 847 4074 qui
866 4023 929 4060 cum
949 4004 1060 4060 Africae
1079 4022 1157 4060 oram
1175 4006 1292 4072 teneret,
1310 4005 1353 4056 in-

208 4080 319 4132 firmnm
344 4077 518 4133 Tuberonem
542 4079 684 4146 applicare
706 4095 762 4133 non
786 4077 913 4146 permisit
934 4093 985 4130 nec
1009 4093 1110 4145 aquam
1135 4075 1274 4141 haurirc’3
1297 4077 1352 4142 qu'o

207 4149 322 4204 nourine
346 4166 408 4202 eum
429 4149 571 4204 accusavit
590 4149 722 4218 (Tubero)
742 4152 771 4202 et
790 4148 886 4202 Cicero
905 4146 1038 4202 defendit.
1076 4148 1209 4215 Pompon.
1229 4146 1263 4199 de
1283 4145 1352 4215 orig.

207 4223 260 4276 iur.
276 4227 319 4276 46.
334 4251 367 4260 -
386 4227 418 4273 12
437 4220 566 4275 Liuineio
581 4221 696 4292 Reputo]
717 4219 896 4288 praenomina
910 4217 949 4285 Ii,
967 4216 1107 4271 Ciceronis
1127 4216 1351 4272 familiarissimo.

208 4291 265 4346 Cic.
286 4291 368 4360 epist.
385 4297 426 4359 13,
442 4297 484 4358 60,
501 4297 524 4345 1,
544 4323 578 4332 -
600 4299 632 4346 14
649 4290 761 4360 proicit]
783 4289 855 4343 Plut.
876 4288 934 4343 Cat.
954 4290 1077 4344 611666.
1099 4320 1130 4328 -
1152 4295 1184 4343 16
1204 4304 1256 4356 pro
1274 4290 1352 4344 irrati-

208 4364 280 4434 tuto]
300 4364 372 4417 nach
392 4363 483 4416 seiner
497 4362 610 4417 Polililr.
638 4362 758 4432 Appian.
773 4360 798 4414 b.
815 4357 1030 4448 civ.2,100rfpr
1045 4357 1192 4448 depacisci
1210 4360 1261 4414 τοῦ
1277 4362 1352 4429 Πομ-

208 4437 295 4503 πηίου
315 4431 384 4503 μετὰ
405 4431 457 4488 δύο
476 4435 586 4487 παίδων
606 4429 693 4501 αὐτῆς
712 4427 743 4486 ἐν
755 4428 845 4502 Ἰτύκῃ
865 4431 1032 4502 καταλαβων
1052 4425 1189 4500 &graspus
1207 4429 1296 4503 σῳόυς
1315 4433 1351 4504 τῷ

208 4507 357 4577 Πομπηίῳ.
384 4535 418 4544 -
442 4507 581 4574 coacessit]
601 4504 684 4559 aliter
703 4503 756 4556 Dio
776 4502 850 4558 Cass.
871 4509 913 4570 43,
935 4509 975 4570 12,
996 4510 1019 4556 3.
1048 4534 1077 4543 -
1107 4501 1250 4574 Caecinae]
1271 4503 1350 4570 Aulo,
