3292 5132
321 351 362 416 10
713 348 1046 404 66666611616611.

317 538 409 597 num,
436 535 540 597 neque
568 515 674 599 primo
703 514 845 580 adventu
872 515 1099 579 convulnerari
1122 515 1296 578 exereitum
1323 515 1465 600 volebat,

318 609 351 668 et
375 604 485 688 oppidi
505 604 637 688 egregia
656 604 795 668 munitio
816 608 848 668 et
867 603 1008 668 difficilis
1029 603 1082 683 [ad
1102 604 1370 689 oppugnandum]
1391 609 1465 670 erat

319 715 480 774 accessus,
504 697 536 756 et
558 693 786 776 nuntiabatur,
816 694 936 757 auxilia
960 715 1079 777 magna
1103 693 1266 777 equitatus
1290 693 1463 776 oppidanis

318 782 486 865 suppetias
510 781 631 866 venire,
660 805 725 848 non
749 787 799 846 est
822 782 893 846 visa
920 783 1005 846 ratio
1030 782 1070 845 ad
1094 783 1347 867 oppugnandum
1371 785 1464 867 oppi-

256 869 258 874 ’
318 872 393 935 dum
418 871 650 954 commorandi,
678 893 734 954 ne,
762 871 839 936 dum
866 870 902 934 in
925 893 963 935 ea
985 892 1020 934 re
1046 869 1192 950 [Caesar]
1216 875 1303 935 esset
1327 894 1463 956 occupa·
1485 893 1501 938 5

317 965 384 1044 tua,
407 961 644 1025 circumventus
668 983 686 1024 a
710 964 805 1044 tergo
830 963 870 1024 ab
895 960 1042 1043 equitatu
1066 959 1211 1025 hostium
1235 959 1410 1024 laboraret.

285 1072 296 1116 1
408 1048 442 1116 6.
475 1049 591 1132 Itaque
616 1055 724 1114 castra
752 1072 824 1114 curn
852 1072 983 1114 movere
1006 1050 1119 1132 vellet,
1147 1050 1255 1114 subito
1280 1072 1318 1113 ex
1343 1049 1464 1134 oppido

407 1267 423 1314 2
442 1261 512 1331 *[ad
531 1261 763 1330 oppugnandum]
787 1261 961 1315 inclusimus:
986 1265 1023 1314 cst
1041 1262 1073 1314 in
1093 1260 1129 1326 0,
1152 1261 1210 1314 nisi
1231 1262 1304 1329 qued
1326 1262 1358 1315 in
1376 1261 1402 1313 L
1426 1263 1465 1317 ad

316 1332 500 1402 pugnandum
518 1340 543 1389 61
561 1335 593 1387 in
611 1333 638 1386 V
654 1332 777 1386 difficilis
797 1335 858 1386 erat
877 1331 913 1383 ad
932 1332 1151 1402 oppugnandum
1169 1347 1298 1386 accessus
1310 1333 1321 1400 l
1334 1348 1464 1386 accessus

316 1407 378 1458 erat
400 1405 442 1468 L,·
470 1406 533 1459 erat
555 1420 684 1458 ascensus
707 1405 769 1458 AD
795 1406 805 1473 ΙΙ
832 1410 847 1456 3
871 1402 1053 1456 nuntiabatur
1076 1403 1140 1456 FD
1167 1404 1176 1471 Ι]
1209 1407 1225 1454 5
1248 1420 1278 1456 16
1302 1420 1352 1458 cm.
1376 1402 1436 1458 LP
1453 1405 1463 1474 11

317 1474 463 1546 *10666611
484 1477 659 1530 inclusimus:
683 1477 791 1530 invaso
814 1477 910 1530 ordine
933 1478 977 1529 est
1000 1473 1101 1528 Caesar
1123 1473 1150 1528 A
1177 1477 1187 1543 ΙΙ
1215 1476 1310 1529 *66661
1328 1476 1418 1529 Aldus
1436 1483 1463 1531 et

316 1549 431 1614 sortasse
452 1547 524 1601 FD:
544 1549 587 1602 est
605 1547 727 1600 ALPV

336 1747 341 1760 .
408 1769 422 1814 1
449 1761 582 1832 adventa]
610 1775 660 1830 per
683 1761 905 1830 euphemismum
925 1785 959 1805 =
978 1776 1143 1828 congressu,
1168 1776 1312 1815 concursu.
1340 1763 1368 1816 b.
1386 1762 1461 1817 Gall.

317 1840 342 1902 8,
363 1841 387 1903 3,
407 1841 431 1888 3.
457 1863 493 1874 -
521 1832 726 1902 convulnerare]
746 1832 915 1886 vocabulum
937 1830 1047 1885 Polioni
1071 1829 1150 1898 quasi
1174 1833 1332 1901 proprium,
1357 1834 1462 1903 quippe

318 1907 366 1974 qui
385 1922 487 1960 novem
506 1903 589 1972 locis,
612 1920 645 1958 ac
664 1904 771 1974 primus
792 1903 917 1971 quidem,
942 1905 1078 1971 quantum
1102 1901 1216 1972 scimus,
1240 1907 1270 1958 et
1293 1905 1368 1958 solus
1388 1905 1462 1960 inter

318 1977 419 2031 aetatis
439 1977 601 2045 Augusteae
621 1977 782 2044 scriptores,
809 1992 842 2029 eo
866 1991 932 2029 usus
957 1975 1002 2028 sit.
1042 1974 1166 2027 Proxime
1190 1975 1302 2029 aceedit
1323 1977 1359 2030 ad
1377 1975 1461 2031 huius

316 2045 396 2100 verbi
423 2064 504 2100 usum
535 2046 724 2114 ‘concidere’,
751 2049 779 2101 61
806 2046 899 2116 ipsum
928 2063 962 2100 ex
990 2061 1116 2100 sermone
1144 2045 1260 2100 militari
1282 2047 1328 2101 vel
1351 2048 1462 2117 vulgari

316 2119 461 2184 haustum,
482 2119 516 2171 de
531 2135 585 2185 quo
602 2117 722 2172 diximus
738 2117 774 2170 ad
789 2124 832 2186 41,
850 2126 877 2172 1:
897 2116 1022 2172 eiusdem
1035 2116 1145 2184 generis
1161 2119 1226 2171 sunt
1239 2117 1375 2173 confidere
1391 2125 1415 2187 1,
1430 2126 1461 2187 4;

317 2187 484 2244 commorari
508 2190 558 2257 (ad
577 2196 602 2256 2,
621 2193 661 2260 2),
686 2190 856 2244 condensare
877 2195 923 2258 13,
944 2196 971 2253 13
996 2189 1181 2255 commigrare
1200 2195 1250 2256 20,
1270 2195 1301 2256 41
1324 2191 1408 2258 fugae
1431 2208 1461 2246 sa

317 2261 513 2315 commendare
532 2267 578 2328 34,
599 2268 628 2327 2;
653 2260 818 2314 comminari
837 2267 880 2330 71,
901 2267 924 2316 1,
962 2259 1046 2324 Quid!
1070 2260 1146 2328 quod
1168 2259 1274 2314 talibus
1290 2261 1461 2330 compositis

316 2333 359 2386 116
377 2333 435 2386 sive
454 2349 520 2385 usus
541 2333 599 2386 sive
618 2332 722 2386 abusus
746 2337 803 2398 est,
827 2335 859 2386 ut
881 2331 1065 2385 substitueret
1088 2348 1123 2385 ea
1145 2329 1223 2387 nullo
1248 2332 1461 2401 significationis

319 2402 479 2457 discrimine
500 2402 687 2473 simplicibua;
712 2403 747 2459 el.
766 2404 851 2471 6112,
871 2409 888 2456 4
912 2403 1052 2470 consequi.
1090 2402 1189 2471 Neque
1212 2403 1287 2458 idem
1310 2406 1363 2459 hoc
1387 2421 1462 2459 com·

318 2474 465 2544 positionis
484 2492 572 2544 genus
591 2475 628 2529 ad
647 2475 822 2530 substantiva
840 2476 870 2528 et
883 2473 1023 2528 adieetiva
1041 2473 1192 2530 transferre
1213 2474 1362 2545 dubitavit,
1382 2477 1461 2531 cuius
1510 2510 1514 2516 ·

317 2548 358 2601 rei
377 2546 499 2601 sufficiat
517 2547 646 2616 exempla
668 2546 847 2616 proposuisse
867 2546 1003 2600 convallis
1026 2546 1074 2615 (ad
1093 2552 1118 2612 7,
1138 2549 1163 2615 6)
1184 2549 1213 2601 61
1231 2548 1386 2602 condensus
1406 2551 1461 2616 (14,

317 2626 342 2674 2.
363 2625 405 2686 50,
427 2621 461 2687 l).
498 2617 599 2696 Rarips
619 2635 652 2672 ac
671 2618 760 2672 multo
779 2621 906 2686 tempore
924 2619 990 2686 post
1012 2618 1065 2672 1166
1087 2617 1204 2671 11666116
1227 2618 1382 2686 particulae
1402 2635 1460 2672 cor·

317 2694 416 2759 ruptae
446 2692 523 2756 sunt,
552 2691 639 2744 veluti
669 2690 722 2756 sie,
751 2689 859 2756 consic,
885 2688 960 2756 qnod
987 2689 1091 2742 mansit
1117 2687 1147 2740 in
1173 2706 1299 2744 sermone
1325 2689 1462 2744 Italorum

318 2761 408 2831 (cosi).
423 2791 456 2800 -
472 2767 487 2814 2
502 2762 628 2828 difficilis
646 2761 779 2842 66666666]
799 2778 855 2814 666
873 2759 1018 2828 probanda
1037 2759 1165 2814 codicum
1183 2760 1356 2828 quorundam
1373 2760 1462 2816 lectio

320 2834 469 2885 ‘aseensus
479 2832 497 2897 ’,
517 2847 687 2900 quamquam
707 2831 734 2886 b.
749 2848 801 2887 civ.
816 2831 899 2899 1134,
915 2837 930 2883 1
950 2833 979 2900 (a
992 2831 1137 2900 Polionel)
1155 2830 1359 2900 scriptumest:
1378 2832 1461 2888 vallis

318 2901 441 2956 difficilis
461 2919 592 2969 aseensu;
610 2918 676 2956 nam
694 2903 880 2957 Adrumetum
897 2901 927 2956 in
947 2904 1031 2971 plano
1052 2902 1135 2956 situm
1155 2905 1228 2970 erat,
1246 2904 1288 2958 ita
1306 2905 1411 2971 16111611,
1429 2906 1463 2958 61

322 2975 385 3028 loca
407 2973 546 3042 palustria
570 2991 663 3028 muros
687 2974 780 3028 subire
804 2977 941 3028 vetarent.
983 2972 1110 3028 Ceterum
1134 2973 1234 3028 Caesar
1256 2975 1285 3028 in
1309 2975 1408 3030 eadem
1430 2993 1461 3030 re

318 3043 495 3099 substantivo
517 3044 641 3100 ‘aditus'
663 3045 764 3099 utitur:
784 3052 808 3111 3,
829 3051 871 3113 25,
891 3051 906 3098 2
926 3045 1030 3112 facilis;
1051 3053 1075 3113 7,
1090 3052 1133 3114 36,
1149 3051 1171 3099 1.
1200 3045 1226 3097 Π
1243 3051 1287 3113 25,
1304 3055 1316 3100 1
1336 3045 1461 3102 difficilis

317 3116 419 3170 aditus.
448 3147 481 3156 -
511 3117 560 3188 [ad
578 3118 806 3187 cppupnendnm]
830 3115 1005 3185 inclusimus,
1034 3117 1099 3184 quia
1122 3115 1220 3171 eadem
1243 3117 1343 3171 iisdem
1366 3118 1460 3173 verbis

318 3187 457 3242 sententia
476 3191 506 3242 et
523 3189 609 3258 paulo
629 3204 714 3257 supra
732 3189 761 3243 et
779 3187 853 3243 infra
871 3204 1002 3258 expressa
1020 3191 1080 3254 est3
1100 3190 1246 3257 praeterea
1264 3187 1393 3243 codicum
1411 3189 1461 3244 LV

317 3259 506 3327 discrepantia
530 3260 559 3313 et
581 3258 735 3314 incisorem
758 3259 945 3328 aequabilitas
968 3261 1095 3329 (egregia
1118 3259 1250 3329 munitio,
1274 3259 1396 3316 difficilis
1415 3277 1460 3315 ac·

318 3334 421 3399 cessus)
440 3328 505 3383 huic
524 3330 701 3386 coniecturae
718 3331 934 3400 adstipulantur.
954 3361 987 3369 —
1008 3337 1023 3384 3
1042 3348 1141 3400 nepae.
1154 3349 1197 3387 ,6.
1216 3349 1244 3386 n.
1263 3337 1360 3387 ct..n.
1379 3338 1405 3386 61
1422 3333 1459 3403 61]

316 3401 504 3472 polysyndeto
523 3406 672 3457 excusatur
690 3402 816 3457 Caesaris
831 3401 993 3468 consilium,
1013 3401 1061 3470 qui
1079 3420 1136 3456 non
1150 3403 1240 3458 solum
1260 3403 1294 3458 de
1314 3403 1459 3458 obsidione

316 3473 487 3542 desperavit,
508 3473 659 3528 sedetiam
677 3473 733 3528 iter
747 3476 784 3530 ab
798 3476 879 3528 hoste
893 3473 1009 3527 avertit:
1028 3471 1132 3543 quippe
1147 3473 1350 3543 particularum
1365 3475 1459 3531 1116111-

316 3544 413 3600 tudine
428 3546 531 3598 multes
546 3562 656 3613 quoque
672 3545 786 3600 Caesari
800 3544 883 3599 huius
898 3546 939 3598 rei
952 3543 1039 3598 fuisse
1054 3561 1152 3599 causas
1167 3544 1321 3612 indicatur,
1340 3563 1459 3615 quarum

316 3616 464 3686 potissima
482 3621 655 3671 memoratur
674 3623 698 3684 7,
717 3621 743 3672 4.
768 3647 801 3655 -
824 3616 1022 3687 nuntiabatur]
1046 3633 1162 3670 numero
1181 3616 1318 3685 singulari
1336 3633 1394 3685 seq.
1414 3635 1459 3672 ac·

318 3689 443 3743 66661116
468 3705 531 3741 66111
553 3688 1004 3755 1111111.6112,1;·116111111.66111
1023 3687 1099 3742 infin.
1120 3695 1143 3755 1,
1162 3694 1187 3742 4.
1217 3719 1251 3728 -
1278 3694 1296 3741 4
1318 3692 1460 3759 suppetias

316 3759 418 3829 venire]
445 3777 466 3812 6.
490 3759 630 3827 proficisci
654 3765 700 3828 25,
721 3765 750 3825 51
779 3758 820 3813 116
839 3765 886 3825 39,
906 3766 931 3813 4.
955 3764 1003 3827 41,
1022 3766 1052 3824 23
1081 3775 1224 3814 occurrere
1244 3765 1291 3827 66,
1311 3767 1336 3813 3.
1362 3767 1409 3828 68,
1428 3768 1457 3827 3;

316 3829 428 3884 mittere
444 3834 486 3896 75,
497 3835 527 3883 51
541 3831 710 3884 1666561661
724 3830 832 3899 priscae
846 3830 1006 3897 latinitatis,
1020 3834 1143 3898 spretum
1154 3829 1268 3884 Caesari
1281 3849 1314 3886 ac
1324 3829 1458 3900 Ciceroni,

317 3898 465 3968 Sallustio,
494 3901 582 3955 Livio.
620 3901 712 3957 Plaut.
741 3900 814 3955 Men.
838 3907 867 3968 5,
889 3908 917 3968 7,
942 3908 972 3956 31
1004 3920 1025 3956 s.
1051 3901 1163 3956 adveni.
1199 3901 1289 3956 Varro
1313 3907 1366 3958 sat.
1385 3904 1458 3958 Men.

316 3979 369 4027 220
387 3973 420 4028 R.
441 3989 461 4027 s.
476 3972 531 4039 irc;
550 3973 704 4042 suppetiari
723 3972 857 4042 Naevius,
879 3971 1023 4042 Apuleius.
1061 3972 1101 4028 01.
1121 3974 1239 4036 Κ611161,
1258 3975 1330 4030 Acta
1344 3973 1458 4056 Erlang.

316 4045 398 4098 1401
411 4061 451 4112 sq.
481 4075 513 4084 —
542 4046 602 4098 eise
620 4045 706 4115 16116]
730 4050 778 4112 42,
799 4053 812 4098 1
837 4063 893 4100 non
916 4047 960 4099 est
981 4045 1042 4098 visa
1063 4045 1135 4099 rati0
1159 4045 1273 4114 propius
1293 4046 1458 4114 aceedend13

318 4115 472 4185 simplicius
492 4121 565 4182 25,1
585 4132 643 4169 non
661 4120 705 4169 est
722 4115 814 4170 visum
833 4117 898 4171 dare
918 4117 1041 4185 spatium
1060 4117 1281 4171 convalescendi.
1300 4147 1334 4157 -
1359 4123 1374 4172 5
1393 4120 1459 4173 dum

317 4187 465 4257 essetnec]
485 4193 528 4254 25,
548 4194 565 4240 4
584 4188 650 4240 dum
664 4188 900 4257 proficisceretur:
920 4188 1054 4241 ‘Caesar’
1075 4189 1174 4257 utpote
1188 4186 1347 4256 explicandi
1366 4188 1460 4259 gratia

317 4257 491 4327 adscriptum
510 4274 543 4312 ac
560 4275 647 4327 pravo
666 4260 728 4315 loco
746 4259 883 4316 insertum
901 4258 1044 4314 eiecimus.

405 4331 435 4383 6.
465 4337 479 4384 7
499 4336 591 4384 caetra
607 4333 722 4402 monae]
742 4332 879 4402 postridie
895 4332 954 4386 eius
969 4330 1039 4397 diei,
1059 4347 1142 4399 quem
1157 4330 1260 4386 Caesar
1273 4331 1378 4385 frustra
1393 4346 1458 4385 eon-

317 4403 481 4468 sumpserat.
502 4433 534 4440 —
554 4403 655 4472 sedito]
676 4407 749 4471 quod
768 4421 858 4472 neque
878 4403 906 4456 in
925 4402 1007 4458 bellis
1026 4401 1215 4458 Alexandrino
1234 4404 1263 4455 et
1276 4401 1460 4472 Hispaniensi

317 4487 407 4539 neque
426 4471 456 4524 in
473 4471 560 4525 Hirtii
579 4474 778 4528 commentario
798 4475 863 4528 VIII
882 4473 950 4528 belli
970 4474 1072 4530 Gallici
1091 4472 1208 4544 legitur,
1227 4472 1330 4544 viginti
1349 4474 1459 4529 duobus
