3288 5124
331 337 374 400 56
733 331 880 386 BELLUM
899 329 1070 386 Al'RlOUbl.

199 507 207 520 ⁸
279 518 311 567 10
331 501 485 584 adeptum
512 497 691 562 existimari
720 495 898 561 victoriam.
951 494 1066 578 Itaque
1094 495 1309 562 constituerat
1336 497 1480 582 gloriam

332 588 629 670 exultationemque
653 608 765 650 eorum
788 585 873 669 pati,
901 584 1002 650 donec
1030 584 1094 650 sibi
1122 588 1349 650 veteranarum
1377 587 1480 674 legio·

331 701 410 744 num
432 699 509 761 pars
533 676 643 759 aliqua
666 674 727 756 [in]
753 674 892 739 secundo
916 676 1099 739 commeatu
1123 674 1326 739 occurrisset.

297 785 310 832 1
421 765 480 832 32.
515 763 622 849 Scipio
647 763 778 828 interim
801 763 981 848 paulisper,
1004 766 1042 826 ut
1066 766 1161 827 antea
1185 763 1264 847 dixi,
1286 765 1320 828 in
1344 786 1382 829 eo
1403 766 1478 831 loco

331 857 565 938 commoratus,
589 858 626 918 ut
648 853 741 937 quasi
765 852 949 936 despexisse
973 849 1145 916 Gaesarem
1169 851 1342 937 videretur,
1365 855 1516 937 paula-5

331 946 391 1010 tim
419 943 545 1008 reducit
572 965 645 1006 suas
674 941 785 1025 copias
813 941 847 1006 in
875 944 982 1005 castra
1011 944 1043 1004 et
1071 940 1222 1005 contione
1250 941 1409 1007 advocata
1438 943 1481 1008 de

331 1041 455 1099 terrore
480 1054 538 1098 suo
563 1031 849 1114 desperationeque
881 1029 1068 1111 [exereitus]
1098 1027 1246 1094 Caesaris
1274 1030 1355 1096 facit
1376 1033 1482 1097 verba

333 1127 366 1188 et
389 1123 578 1189 cohortatus
603 1142 678 1184 suos
701 1119 873 1185 victoriam
896 1119 1062 1203 propriam
1082 1140 1115 1182 re
1139 1120 1185 1182 eis
1208 1119 1308 1184 brari,
1325 1120 1481 1186 daturum

296 1212 514 1298 apollicetur.
565 1208 685 1274 Caesar
714 1208 805 1273 iubet
833 1208 956 1272 milites
987 1230 1097 1272 rursus
1128 1207 1169 1272 ad
1200 1230 1280 1291 opus
1311 1210 1415 1274 redire
1446 1215 1482 1274 et

331 1323 389 1386 per
421 1322 553 1365 causam
585 1297 803 1362 munitionum
835 1297 957 1361 tirones
987 1296 1023 1360 in
1054 1297 1166 1360 labore
1199 1296 1378 1382 defatigare
1410 1321 1481 1364 non
1503 1315 1538 1364 ιο

296 1390 531 1454 aintermittit.
576 1387 713 1451 Interim
742 1383 928 1474 [Numidae]
954 1383 1084 1450 Gaetuli
1112 1385 1268 1471 diffugere
1297 1387 1414 1452 cotidie
1438 1411 1482 1452 ex

331 1480 449 1545 castris
478 1476 639 1561 Scipionis
667 1479 700 1540 et
728 1475 847 1560 partim
876 1474 910 1539 in
938 1495 1075 1558 regnum
1099 1496 1134 1538 se
1161 1475 1320 1560 conferre,
1348 1478 1482 1562 partim,

332 1568 419 1653 quod
446 1568 510 1651 ipsi
539 1566 742 1648 maioresque
770 1586 882 1628 eorum
905 1563 1061 1628 beneficio
1090 1561 1124 1628 C.
1148 1563 1232 1627 Mari
1260 1565 1311 1628 usi
1338 1564 1482 1630 fuissent

332 1655 569 1739 Caesaremque
602 1654 671 1719 eius
705 1653 841 1718 adfinem
875 1675 946 1718 esse
978 1652 1170 1737 audiebant,
1202 1653 1236 1717 in
1269 1653 1337 1717 eius
1370 1659 1482 1720 castra

420 1857 436 1904 3
455 1847 532 1930 *[in]
550 1848 713 1931 inclusimus
735 1848 783 1930 112
803 1845 997 1970 *[exe10itusp
1010 1846 1173 1901 inclusimus
1182 1847 1201 1928 ‚l
1221 1851 1237 1900 8
1256 1847 1406 1902 cohortans
1427 1849 1454 1902 L
1474 1851 1481 1920 tl

332 1928 364 2003 11
385 1918 572 1990 *[Num1dae]
590 1920 654 1973 ινιοῑ.
675 1919 810 2000 Doriscos
826 1920 842 2000 ,l
865 1916 999 1972 *Gaetur
1020 1916 1370 2042 0;Gaetu11quevu19.flp
1394 1925 1426 1973 12
1449 1938 1481 1974 se

330 2010 360 2046 ru
373 2009 491 2061 regnum
505 1989 532 2043 L
546 1991 555 2059 ΙΙ
571 1995 603 2043 13
618 1989 713 2043 Martii
727 1989 753 2041 L
767 1990 777 2058 ΙΙ
789 2007 834 2042 usi
848 2005 897 2044 om.
913 1987 1042 2043 ALPV
1053 1990 1062 2057 ΙΙ
1078 1994 1111 2042 14
1126 1988 1247 2042 adfinem
1261 1989 1304 2055 Α,
1322 2007 1339 2044 a
1363 2005 1436 2044 mem
1450 1992 1481 2046 R

425 2175 437 2221 1
457 2169 575 2235 pluriam
588 2168 845 2238 exultationemqac]
860 2183 902 2220 ex.
916 2166 1106 2236 gloriantium.
1117 2197 1150 2206 —
1166 2171 1182 2220 2
1197 2169 1400 2240 celaenarum]
1416 2187 1483 2223 eum

331 2240 526 2294 constituisset
544 2240 641 2293 decem
655 2238 685 2292 in
698 2238 796 2292 Africa
809 2236 916 2292 bellum
931 2252 1027 2306 gerere
1041 2236 1209 2306 legionibus,
1228 2256 1276 2292 sex
1295 2238 1409 2307 quidem
1428 2241 1481 2294 ha-

330 2311 401 2372 buit,
412 2311 461 2365 sed
475 2328 560 2365 unam
573 2312 684 2365 tantum
699 2314 902 2376 veteranorum,
912 2308 1039 2375 quintam
1048 2308 1188 2375 Martiam,
1199 2316 1223 2375 1,
1234 2314 1258 2364 5.
1274 2341 1308 2350 -
1322 2313 1482 2384 3sccuado]

333 2389 375 2451 ⁷7,
395 2389 410 2436 3
430 2380 467 2434 ad
486 2381 565 2436 milia
583 2381 636 2435 1111
654 2397 709 2435 uuo
724 2382 883 2435 commeatu
898 2380 1011 2433 Caesari
1030 2380 1222 2434 occurrerunt:
1242 2379 1277 2435 cf.
1297 2385 1321 2448 8,
1342 2387 1366 2435 1.
1390 2388 1432 2450 37,
1457 2389 1481 2438 1.

421 2453 471 2508 32.
500 2459 517 2507 1
533 2453 689 2524 paulisper]
709 2454 830 2521 primum
851 2451 973 2505 ‘maiore
991 2455 1072 2519 parte
1093 2449 1151 2505 diei
1170 2453 1351 2521 consumpta’
1373 2457 1481 2523 (30,1),

332 2529 441 2595 postea,
456 2542 519 2580 cum
534 2523 680 2578 Caesarem
695 2523 832 2592 proelium
847 2522 1003 2577 detrectare
1017 2521 1158 2589 sensisset,
1178 2521 1287 2576 tamdiu
1301 2526 1333 2577 ut
1346 2542 1375 2579 sc
1390 2525 1482 2580 hosti-

331 2597 385 2651 bus
404 2596 551 2666 pugnandi
569 2596 742 2665 potestatem
765 2594 865 2648 fecisse
885 2594 1035 2648 constaret.
1063 2623 1096 2634 -
1124 2595 1156 2648 ι’νι
1174 2611 1204 2648 co
1222 2594 1292 2665 loco]
1314 2613 1368 2663 quo
1388 2595 1481 2650 aciem

331 2669 516 2734 instruxerat,
536 2668 612 2720 haud
629 2667 672 2720 ita
689 2666 773 2734 longe
793 2681 810 2718 a
829 2664 955 2719 Caesaris
974 2662 1087 2732 castris,
1113 2669 1156 2727 30,
1175 2670 1201 2719 2.
1230 2695 1263 2707 —-
1291 2672 1307 2719 5
1323 2668 1480 2739 paulatim]

333 2737 875 2877 ttttttttttrttttdtttt
893 2734 1366 2877 illitis?pp⁰⁸llte⁰ltt⁰lls
1382 2737 1481 2866 llll}

332 2880 436 2934 rectius
455 2882 607 2948 opponitur
619 2881 732 2947 terrori,
752 2896 835 2946 quem
854 2877 948 2947 Scipio
962 2875 1130 2933 adversariis
1144 2877 1273 2933 iniecisse
1292 2896 1320 2934 se
1335 2829 1481 2950 excidebat,

332 2968 388 3004 non
412 2949 550 3005 exercitus
573 2950 741 3018 desperatio.
770 2981 805 2990 -
832 2957 848 3005 8
871 2951 1014 3005 νιόοονιοοτ
1037 2949 1192 3020 proprium]
1216 2955 1260 3017 82,
1279 2956 1310 3017 2;
1338 2953 1383 3006 vel
1406 2971 1480 3022 quae

332 3021 447 3091 proprie
466 3021 522 3076 dici
540 3023 631 3090 possit
645 3019 776 3088 victoria,
795 3021 813 3076 i.
829 3038 852 3075 e.
867 3021 964 3090 plena,
983 3019 1029 3075 vel
1042 3021 1135 3087 firma,
1154 3020 1173 3076 i.
1189 3037 1212 3075 e.
1228 3039 1285 3089 qua
1299 3021 1410 3076 diutina
1423 3041 1481 3093 pax

335 3096 458 3164 paretur.
494 3093 533 3148 cf.
553 3091 661 3147 Nonius
679 3112 706 3162 p.
727 3099 777 3147 361
798 3093 954 3161 proprium:
978 3092 1153 3158 diuturnum,
1177 3093 1252 3159 quod
1275 3093 1479 3161 grammaticus

333 3163 468 3232 exemplis
487 3181 521 3218 ex
539 3165 635 3233 priscis
650 3163 831 3233 scriptoribus
846 3161 956 3233 (Accio,
976 3164 1093 3218 Sisenna
1111 3169 1144 3217 67
1160 3163 1220 3217 Pet.
1235 3163 1285 3216 ubi
1299 3164 1381 3220 scrib.
1403 3166 1478 3234 ‘pro-

332 3233 410 3306 priae
421 3252 498 3303 apem
508 3235 662 3302 victoriae’)
672 3233 771 3304 petitis
781 3236 936 3290 confirmat.
955 3234 1015 3290 Liv.
1026 3241 1070 3302 22,
1080 3239 1150 3302 37,5
1165 3233 1310 3302 ambigue:
1322 3236 1479 3292 Victoriam

333 3323 447 3360 auream
462 3349 485 3362 ..
498 3343 504 3360 .
519 3305 658 3362 haberent
671 3306 815 3375 propriam
830 3307 859 3360 et
871 3308 1045 3375 perpetuam.
1063 3336 1095 3344 -
1118 3311 1151 3359 10
1160 3322 1213 3373 per
1226 3322 1339 3361 causam
1347 3310 1480 3364 manitio-

331 3378 410 3449 nem]
422 3394 478 3432 non
492 3394 586 3432 veram
602 3394 714 3432 causam
725 3375 873 3445 significat,
889 3376 940 3430 sed
952 3377 1055 3442 fictam,
1070 3376 1088 3430 i.
1099 3393 1122 3432 e.
1137 3380 1326 3445 praetextum,
1341 3379 1477 3447 speciem;

335 3465 353 3502 a
371 3466 427 3515 quo
450 3449 546 3503 differt
564 3448 706 3503 ablativus
727 3449 844 3502 ‘causa’
869 3464 933 3501 eum
956 3448 1087 3516 genetivo
1106 3446 1282 3515 coniunctus,
1307 3447 1342 3502 de
1365 3467 1420 3518 quo
1440 3451 1477 3508 cf.

332 3520 369 3574 ad
387 3527 431 3586 46,
446 3526 472 3575 4.
492 3551 525 3560 —
546 3524 578 3572 11
598 3520 722 3601 Gaetuli]
742 3520 776 3575 cf.
797 3525 839 3586 35,
859 3525 884 3574 4.
900 3525 924 3573 6.
954 3518 1007 3583 Qui
1025 3518 1164 3573 fuedntne
1183 3519 1293 3586 equites
1312 3538 1349 3575 an
1366 3521 1478 3590 pedites

332 3609 365 3645 ex
384 3608 454 3646 voce
474 3590 673 3645 ‘catervatim'
694 3589 844 3645 diiudicari
862 3608 916 3646 non
935 3591 1038 3659 potest.
1067 3588 1134 3644 Sall.
1152 3589 1212 3659 lug.
1232 3595 1275 3656 80,
1297 3596 1310 3644 1
1331 3590 1477 3663 Gaetulos,
1524 3601 1530 3608 '

331 3678 418 3731 genus
427 3662 571 3717 hominum
582 3663 671 3716 ferum
680 3662 882 3730 incultumque.
898 3661 1027 3716 Ceterum
1038 3661 1165 3715 codicum
1175 3660 1313 3729 scriptura
1324 3661 1477 3719 ‘Numidae

331 3733 459 3787 Gaetuli’
475 3732 539 3787 ideo
557 3733 669 3788 delendi
682 3750 738 3788 non
754 3735 859 3802 potest,
879 3733 946 3802 quia
960 3731 1074 3786 Gaetuli
1092 3749 1110 3787 a
1127 3731 1257 3785 Numidis
1273 3733 1349 3788 luere
1363 3734 1476 3791 diversi.

331 3802 399 3858 Sall.
422 3805 482 3872 lug.
508 3808 553 3870 19,
573 3808 589 3857 t
615 3821 698 3872 super
719 3802 881 3858 Numidiam
905 3802 1040 3858 Gaetulos
1063 3802 1221 3870 accepimus
1243 3819 1332 3872 vagos
1356 3804 1476 3874 agitare.

331 3875 407 3930 Casa.
427 3873 481 3929 Dio
500 3881 543 3942 43,
562 3882 588 3942 4,
608 3882 623 3929 2
643 3871 805 3944 adcredere
826 3876 858 3929 οἴ
871 3893 901 3928 τε
922 3875 1073 3928 Γαιτοῦλοι
1090 3890 1177 3943 acccc
1197 3871 1310 3944 ώοηοαν
1330 3871 1406 3930 αὐτοῦ
1425 3878 1477 3932 καὶ

331 3944 425 4017 ἕτεροί
439 3965 514 4008 τινες
532 3947 588 4000 τῶν
602 3945 815 4016 πλησιοχώρων,
834 3942 869 4000 τοὶ
889 3943 940 4015 μὲν
960 3941 999 3999 δι’
1017 3939 1156 4013 ἐκείνους,
1176 3894 1274 4014 insidi
1294 3948 1369 4012 σφᾶς
1386 3931 1477 4017 μενοί-

330 4021 382 4080 λως
400 4014 573 4086 τιμηθέντος
590 4013 730 4086 ἥκουσαν,
749 4013 783 4070 τὰ
803 4015 835 4070 δὲ
855 4017 904 4071 acl
922 4018 955 4087 τῇ
975 4017 1024 4070 τοῦ
1045 4018 1159 4086 Μαρίου
1179 4016 1288 4087 μνήμῃ,
1308 4013 1350 4072 ὅτι
1368 4019 1475 4087 προσή-

329 4110 387 4143 κων
406 4084 496 4144 αὐτοῦ
516 4080 561 4157 ἦν.
581 4120 614 4128 -
636 4095 667 4143 12
687 4091 719 4144 in
737 4088 862 4159 νομννοιι]
883 4087 943 4142 scil.
962 4088 1056 4143 Iubae.
1078 4119 1110 4127 -
1132 4092 1165 4141 13
1184 4090 1312 4155 benefida
1332 4088 1361 4143 0.
1380 4091 1476 4163 Mars]

331 4161 481 4230 ‘Zugleich
506 4162 620 4214 wurden
645 4161 688 4216 die
712 4159 889 4230 gttulisehen
909 4159 1033 4214 Sttmme
1052 4159 1091 4212 im
1109 4158 1210 4212 innam
1228 4158 1324 4214 Africa
1343 4161 1385 4214 als
1404 4162 1476 4218 freie

330 4231 580 4300 Bundesgenossen
597 4233 680 4288 unter
703 4232 748 4287 die
772 4231 825 4286 mit
844 4232 899 4285 den
918 4233 1040 4286 ltdmern
1061 4230 1091 4283 in
1110 4229 1231 4300 Vertrag
1250 4231 1405 4285 stehenden
1423 4251 1476 4287 un-

331 4302 509 4372 abhbngigen
523 4303 663 4358 Nationen
677 4303 914 4374 ausgenommen!
953 4301 1118 4368 Mommsen,
1137 4301 1219 4356 Rom.
1234 4301 1334 4356 Geseh.
1354 4301 1394 4356 ΙΙ5
1415 4309 1476 4360 159.

331 4403 364 4410 -
387 4379 419 4426 14
438 4374 568 4445 adfinem]
592 4375 697 4428 Marius
717 4374 830 4439 Iuliam,
854 4390 977 4428 sororem
1000 4371 1126 4428 Caesaris
1150 4373 1254 4442 patris,
1277 4373 1308 4428 in
1329 4373 1476 4430 matrimo-

330 4442 407 4496 nium
427 4444 553 4498 duxerat.
590 4445 664 4498 Plut.
683 4445 751 4500 Mar.
772 4451 796 4498 6.
825 4445 903 4499 Caes.
924 4451 947 4497 1.
