3292 5132
604 1275 967 1352 PRAEFATIO.

303 1575 535 1643 Commentarii
568 1576 607 1640 de
639 1577 727 1640 bello
748 1576 867 1641 'Africo
896 1577 1011 1641 edendi
1040 1577 1212 1642 consilium
1243 1583 1358 1643 natum

212 1670 276 1749 est,
301 1666 497 1749 simulatque
517 1665 711 1730 Gustavus
734 1665 938 1752 Landgraf
958 1667 1159 1752 argumentis
1180 1667 1261 1732 satis
1285 1691 1358 1752 pro·

211 1755 378 1820 habilibus
402 1755 488 1819 hunc
512 1754 633 1819 librum
657 1779 676 1819 a
699 1754 733 1820 Ο.
752 1754 867 1820 Asinio
886 1755 1023 1820 Polione
1047 1758 1267 1840 conscriptum
1287 1780 1357 1822 esse

213 1841 504 1928 demonstravit*);
539 1845 767 1909 confirmatum
801 1849 911 1908 autem
942 1847 1004 1926 est,
1037 1844 1114 1928 quia
1147 1846 1260 1910 eodem
1292 1846 1359 1911 fere

212 1939 360 2018 tempore
383 1932 562 2016 StoffeliuS‚
585 1933 684 1998 homo
704 1933 750 1997 rei
774 1932 926 1997 militaris
947 1933 1177 2019 peritissimus,
1202 1936 1240 2000 de
1263 1937 1359 2000 rebus

212 2047 232 2088 a
257 2023 290 2089 Ο.
311 2021 448 2088 Caesare
472 2022 574 2107 gestis
599 2022 720 2106 optime
744 2019 974 2106 disseruit**);
997 2022 1094 2086 tertia
1113 2024 1250 2108 denique
1275 2047 1360 2090 acce-

213 2113 312 2177 debat
335 2135 446 2192 causa,
470 2111 555 2195 quod
580 2113 748 2176 meliorem
767 2110 899 2176 Africae
922 2112 1109 2196 provinciae
1132 2113 1284 2181 notitiam
1309 2114 1360 2178 de-

212 2204 328 2267 bemus
359 2201 477 2267 Carolo
507 2198 703 2288 Tissot.***)
749 2199 931 2265 Videbatur
959 2201 1045 2265 eninr
1073 2224 1189 2286 operae
1219 2205 1360 2286 pretium

215 2313 286 2356 esse
310 2291 493 2356 accuratius
516 2289 695 2374 inquirere,
723 2290 940 2374 inquantum
964 2312 1083 2373 sermo,
1111 2313 1175 2374 quo
1204 2314 1280 2356 usus
1309 2295 1360 2357 est

211 2381 293 2446 belli
322 2379 425 2444 Africi
457 2383 582 2464 auctor,
615 2384 810 2464 congrueret
841 2384 873 2443 et
903 2402 977 2444 cum
1008 2379 1113 2443 Asinii
1142 2380 1290 2463 epistulis
1319 2381 1360 2445 ad

213 2469 403 2535 Ciceronem
427 2469 511 2532 datis
536 2472 569 2532 et
597 2491 670 2532 cum
693 2469 748 2553 iis,
777 2491 859 2553 quae
888 2471 1011 2533 veteres
1042 2467 1080 2532 de
1109 2467 1224 2533 Asinio
1253 2474 1359 2554 poeta,

213 2565 357 2642 oratore,
379 2557 592 2623 historiarum
617 2557 777 2642 scriptore
801 2557 977 2622 memoriae
999 2555 1219 2640 prodiderunt
1267 2558 1359 2634 Quod

214 2649 278 2714 etsi
296 2648 336 2713 iis
356 2646 533 2712 absurdum
552 2647 693 2712 fortasse
712 2646 888 2731 videbitur,
907 2647 962 2731 qui
982 2646 1142 2711 incertum
1161 2646 1238 2710 libri
1253 2652 1361 2713 aucto·

212 2761 283 2802 rem
312 2738 346 2802 in
372 2758 508 2802 numero
536 2735 705 2800 hominurn
733 2737 931 2819 plebeiorum
960 2757 1080 2818 ponere
1104 2742 1301 2801 consuerunt
1325 2734 1360 2824 (a

214 2849 278 2912 quo
318 2848 435 2913 genere
466 2825 620 2890 Asinium
655 2825 826 2890 Polionem
864 2826 1070 2910 aliquantum
1106 2824 1227 2889 distare
1264 2848 1360 2891 nemo

212 2912 343 3002 negat),
366 2916 487 2980 nostris
511 2918 621 2978 tamen
643 2914 858 2999 temporibus,
882 2937 964 2999 quae
988 2916 1129 2979 sermoni
1152 2915 1280 2999 plebeio
1305 2919 1361 2979 aut

212 3005 368 3070 familiari
391 3005 461 3068 iure
484 3004 687 3087 tribuuntur,
710 3004 821 3068 eadem
845 3003 971 3086 priscae
990 3026 1117 3088 quoque
1135 3003 1359 3070 Romanorum

213 3094 356 3160 orationi
369 3092 527 3158 vindicari
540 3115 635 3177 posse
651 3093 900 3178 comprobatum
916 3097 975 3174 est,
994 3092 1079 3176 quia,
1098 3114 1185 3176 quae
1195 3093 1360 3158 veteribus

212 3185 421 3268 placuerunt,
444 3205 464 3246 a
487 3182 638 3246 Tulliana
660 3204 736 3247 vero
760 3181 912 3246 facundia
936 3181 1175 3246 abhorruerunt
1198 3185 1231 3245 et
1254 3183 1361 3247 verbis

211 3272 350 3338 noviciis
378 3275 558 3356 cesserunt,
594 3271 685 3356 vulgi
716 3270 948 3336 consuetudine
977 3269 1096 3334 diutius
1130 3274 1259 3335 servata
1289 3293 1359 3335 esse

213 3365 351 3428 constat.
397 3360 512 3443 Itaque
540 3382 606 3424 non
633 3365 701 3424 tam
733 3359 842 3446 agitur
871 3359 909 3424 de
934 3358 1059 3424 dicendi
1083 3380 1199 3443 genere
1224 3360 1360 3445 vulgari,

213 3474 312 3536 quam
344 3451 383 3514 de
415 3449 541 3535 priscae
574 3449 730 3513 orationis
763 3449 886 3532 colore,
924 3448 1015 3513 euius
1049 3449 1202 3534 quoniam
1235 3453 1359 3513 veteres

213 3540 367 3605 Asinium
382 3537 644 3603 amantissimum
663 3537 763 3603 fuisse
782 3537 922 3622 professi
942 3541 1031 3620 sunt,
1046 3540 1120 3601 ante
1140 3536 1250 3601 omnia
1264 3559 1359 3620 quae-

212 3629 350 3694 rendum
379 3632 463 3712 erat,
490 3627 668 3692 referretne
696 3631 769 3692 tota
796 3627 902 3691 libelli
929 3626 1054 3691 indoles
1079 3625 1196 3691 summi
1220 3626 1359 3691 oratoris

214 3718 402 3804 imaginem.

305 3807 507 3891 Quamquam
536 3828 602 3870 non
633 3805 875 3871 subsistendum
906 3808 977 3870 erat
1005 3806 1039 3869 in
1066 3828 1100 3869 re
1131 3805 1358 3890 grammatica:

214 3897 316 3962 immo
347 3899 384 3960 ut
413 3897 507 3960 firmo
538 3895 696 3959 niteretur
722 3896 803 3960 haec
831 3894 978 3978 quaestio
1006 3894 1230 3976 fundamentO,
1260 3895 1360 3958 verba

133 4067 140 4080 Ι
215 3986 384 4070 scriptoris
419 3984 459 4048 ad
492 3984 638 4050 codicum
665 3984 776 4070 fidem,
810 3989 968 4069 quantum
995 3983 1087 4049 licuit
1116 4006 1175 4069 per
1204 3983 1359 4068 temporis

304 4195 329 4263 *)
344 4195 596 4277 Untsrsuehungen
611 4213 643 4248 au
655 4193 756 4248 Caesar
770 4213 796 4248 u.
812 4193 909 4276 seinen
917 4193 1099 4276 Eortsetzem.
1118 4191 1359 4262 Erlengen.1888.

286 4266 470 4392 ²¹³*ij1st01re
490 4267 524 4321 de
543 4265 618 4320 lules
637 4264 733 4321 Cesar.
762 4266 866 4320 Guerre
886 4263 977 4320 crvrle.
1005 4265 1060 4318 Par
1078 4263 1105 4318 le
1125 4262 1235 4318 colonel
1250 4263 1358 4320 Stoffel.

213 4341 235 4395 L
255 4339 521 4480 113*)a(lbbgrbblrle
541 4409 686 4479 comperce
706 4407 741 4462 de
759 4408 789 4463 la
807 4405 939 4477 province
958 4407 1093 4460 Romaine
1112 4405 1266 4476 d'Alrique.
1299 4407 1355 4460 Par

214 4482 330 4539 charles
349 4481 444 4536 Tissot
462 4485 491 4536 et
510 4479 566 4536 Sal.
585 4479 720 4534 Reinaoh.
748 4479 768 4535 l.
789 4479 822 4534 ll.
850 4477 937 4533 Paris.
967 4482 1143 4535 1887.1888.
