3292 5132
692 409 905 467 susurnam.
1321 381 1377 470 'vn

229 571 336 638 Africi
369 574 424 657 qui
457 573 562 638 adhuc
593 573 804 638 innotuerunt
833 575 958 640 codices
987 577 1111 641 duobus
1143 578 1209 642 fere
1240 580 1377 644 saeculis

231 666 374 748 superat.
429 663 540 746 Ipsum
575 663 772 746 descriptum
805 687 874 728 esse
907 687 945 729 ex
978 666 1087 730 codice
1120 667 1229 751 aliquo
1259 669 1378 734 saeculi

230 754 323 834 noni,
356 752 476 816 litteris
505 752 709 835 minusculis,
740 775 804 817 non
834 754 1016 818 uncialibus
1045 755 1179 838 scripto,
1210 779 1283 820 cum
1312 758 1377 822 alia

232 842 427 906 documento
452 846 541 923 sunt,
566 847 635 904 tum
654 841 806 925 frequens
830 843 1013 908 litterarum
1034 867 1054 908 a
1077 847 1109 908 et
1133 845 1162 908 ci
1182 847 1233 908 vel
1258 848 1286 910 ic
1306 868 1378 910 con-

229 931 329 995 fusio:
354 932 443 1012 26,1
467 952 577 994 arcum
597 927 654 1015 (=
667 928 823 1017 .circum);
848 933 934 1008 29,1
955 933 1017 998 fide
1036 933 1123 997 dicta
1141 931 1262 1020 (data),
1284 936 1337 1013 44,
1360 939 1374 999 1

232 1021 351 1084 delicta
374 1016 530 1106 (delata),
555 1019 644 1101 54,l
671 1019 699 1083 si
722 1020 786 1084 alia
810 1018 964 1106 (Sicilia),
993 1044 1074 1105 quae
1099 1022 1209 1087 omnia
1232 1047 1269 1086 ex
1293 1025 1379 1088 anti·

231 1110 343 1193 quiore
375 1109 504 1172 litterae
534 1129 553 1172 a
580 1107 686 1172 forma
714 1109 777 1193 (cc)
806 1109 1014 1192 explicantur.
1064 1111 1176 1176 Etiam
1203 1113 1333 1176 litterae
1360 1135 1378 1175 r

232 1203 265 1262 et
279 1201 296 1261 l
306 1198 429 1280 passim
446 1199 531 1261 inter
546 1218 579 1260 se
594 1201 812 1262 commutatae
827 1198 901 1263 huic
917 1199 1119 1264 coniecturae
1135 1201 1230 1264 fidem
1244 1201 1376 1270 faciunt.

319 1287 429 1350 Trium
460 1285 618 1368 codicum,
646 1287 761 1369 quibus
791 1309 868 1351 usus
893 1290 942 1351 est
964 1287 1181 1374 Nipperdeius
1209 1290 1243 1352 in
1271 1312 1377 1354 recen-

230 1375 329 1440 sendo
344 1375 588 1456 commentario,
608 1397 707 1439 unum
722 1397 855 1458 prorsus
871 1377 1051 1460 omisimus,
1067 1376 1376 1462 Scaligeranum,

230 1465 307 1549 quia
330 1466 399 1529 eius
419 1466 647 1529 auctoritatem
670 1486 736 1529 non
755 1487 908 1550 magnam
927 1488 997 1530 esse
1016 1466 1270 1531 Forchhammer
1288 1471 1375 1532 recte

229 1555 409 1638 perspexit,
434 1553 680 1637 praeterea‘quo
694 1555 884 1638 pervenerit,
899 1555 1059 1620 incertum
1074 1562 1133 1622 est.
1162 1555 1210 1622 uf.
1220 1555 1376 1640 Nipperd.

228 1646 352 1727 quaest.
376 1642 468 1709 Caes.
492 1664 544 1725 pg.
568 1643 620 1706 43.

319 1732 484 1813 Alterum,
511 1730 733 1795 Parisinum
763 1728 820 1818 (N.
838 1730 941 1819 5764)
970 1733 1037 1797 sive
1066 1734 1286 1799 Thuaneum
1311 1732 1376 1820 (P),

228 1821 305 1905 quia
324 1822 401 1886 olim
419 1820 484 1884 fuit
503 1819 647 1903 Thuani,
671 1823 799 1886 saeculo
818 1821 882 1885 XII
903 1822 1073 1907 scriptum,
1097 1824 1201 1888 denuo
1226 1827 1374 1889 excutere

228 1910 357 1974 animus
376 1914 459 1992 erat,
482 1910 687 1994 pepercimus
706 1913 817 1974 tamen
841 1911 960 1990 labori,
984 1934 1071 1994 cum,
1095 1913 1149 1996 qui
1169 1912 1236 1978 eius
1260 1913 1375 1977 discre-

227 2001 355 2084 pantias
380 2002 585 2079 enotaverat,
609 1997 798 2081 Frigellius,
826 2000 888 2063 fida
912 2000 993 2064 satis
1017 2001 1135 2086 dignus
1159 2002 1330 2068 videretur.

317 2086 763 2174 Tertiumbeidensem
798 2086 869 2173 (lat.
901 2088 942 2154 N.
966 2090 1009 2154 38
1033 2087 1078 2176 D)
1111 2086 1179 2176 (L),
1217 2091 1374 2174 scriptum

233 2179 362 2243 saeculo
382 2176 446 2241 XII
471 2181 503 2240 et
527 2178 591 2241 iam
618 2176 659 2239 ab
679 2174 907 2260 Oudendorpio
932 2178 1123 2263 adhibitum,
1147 2201 1218 2243 cum
1238 2179 1375 2263 Nipper-

229 2267 319 2331 deius
355 2264 579 2351 perscrutandi
611 2265 755 2330 laborem
790 2266 968 2350 defugisset
1001 2268 1184 2351 multasque
1220 2269 1374 2334 lectiones

228 2360 286 2420 aut
308 2355 410 2420 falsas
439 2357 604 2419 epotasset
632 2357 689 2418 aut
718 2355 848 2420 silentio
876 2356 1164 2440 praetermisisset,
1193 2357 1297 2422 denuo
1326 2357 1375 2421 in-

227 2445 351 2528 spicere
373 2445 481 2509 visum
504 2442 600 2508 nobis
624 2447 686 2527 est,
714 2445 747 2508 in
776 2467 840 2527 qua
868 2467 902 2507 re
932 2444 1034 2510 adiuti
1062 2468 1172 2510 sumus
1202 2446 1374 2511 clarissimi

226 2534 446 2599 bibliothecae
465 2532 556 2596 illius
575 2531 744 2615 praefecti,
769 2531 903 2618 Georgii
922 2532 962 2599 N.
977 2533 1030 2598 Du
1050 2533 1131 2598 Rieu
1150 2534 1374 2600 benevolentia

228 2628 261 2688 ct
285 2624 496 2706 liberalitate,
521 2622 548 2685 si
568 2621 696 2704 quidem
720 2621 839 2686 librum
858 2644 916 2706 per
934 2622 1125 2687 tabellarios
1144 2624 1292 2706 publicos
1310 2623 1374 2688 huc

229 2713 426 2778 mittendum
445 2709 580 2775 curavit.
617 2709 764 2775 Contulit
778 2710 920 2775 codicem
936 2733 1009 2777 cum
1023 2711 1213 2796 Nipperdeii
1232 2712 1373 2778 editione

228 2803 351 2866 maiore
379 2822 437 2865 suo
466 2800 572 2864 Marte
603 2803 737 2883 uterque
766 2799 883 2883 editor,
912 2800 997 2885 quod
1026 2801 1099 2865 ideo
1123 2801 1280 2866 hocloco
1304 2824 1373 2866 mo-

228 2891 367 2955 nendum
388 2911 459 2954 esse
478 2887 678 2973 putavimus,
697 2910 738 2952 ne
754 2890 824 2973 quis
840 2890 917 2972 quid
932 2889 1004 2953 aliis
1019 2890 1168 2955 relictum
1184 2913 1253 2954 esse
1272 2896 1374 2974 putet,

317 2979 459 3044 Restant
491 2976 632 3061 codices,
663 2978 780 3061 quibus
809 3001 885 3042 usus
918 2984 969 3043 est
996 2978 1052 3043 Fr.
1075 2979 1231 3044 Ddbner
1258 2980 1293 3043 in
1321 2979 1373 3044 ad-

227 3069 374 3134 ornanda
411 3066 562 3133 Caesaris
601 3069 908 3132 commentariorum
946 3068 1108 3152 edItione,
1147 3091 1245 3152 quum
1281 3069 1372 3133 iussu

226 3156 429 3243 Napoleonis
453 3155 504 3220 Ill
528 3156 636 3220 amisit
660 3177 744 3220 anno
770 3157 854 3221 1867
879 3155 1025 3221 Parisiis.
1063 3156 1152 3232 Quae
1177 3180 1373 3239 quamquam

227 3247 354 3312 modico
378 3246 485 3330 pretio
508 3248 650 3328 prostat,
678 3246 714 3307 in
740 3251 807 3308 tam
836 3267 1011 3327 paucorum
1041 3246 1126 3328 apud
1149 3268 1210 3310 nos
1234 3247 1373 3328 philolo-

228 3358 344 3424 gorum
369 3355 485 3399 manus
514 3333 698 3417 pervenisse
726 3333 868 3417 videtur,
895 3338 945 3416 ut,
973 3334 1058 3417 quod
1082 3334 1176 3398 valde
1199 3336 1372 3399 dolendum

227 3430 291 3509 est,
316 3425 470 3509 exiguum
497 3422 644 3486 laborum
670 3444 801 3486 suorum
826 3423 969 3487 fructum
992 3423 1107 3486 tulisse
1131 3425 1307 3488 censendus
1332 3425 1375 3488 sit

226 3515 341 3580 editor.
396 3510 446 3576 Ac
488 3514 617 3575 tantum
655 3511 688 3575 in
727 3515 948 3595 contemptum
986 3511 1100 3576 incidit
1136 3512 1256 3576 bellum
1294 3513 1373 3576 illud

227 3603 392 3684 Africum,
419 3605 471 3683 ut,
500 3623 573 3665 cum
602 3621 686 3664 anno
718 3601 803 3664 1872
830 3599 1022 3665 Franciscus
1047 3600 1217 3665 Froeblich
1242 3602 1374 3676 doctum

230 3714 308 3758 sane
332 3691 480 3755 libellum
505 3689 543 3754 de
571 3711 609 3753 eo
637 3689 885 3774 conscripsisset
909 3687 991 3775 (Das
1019 3689 1147 3753 Bellum
1172 3690 1373 3773 Africanum,

228 3779 415 3865 sprachlicb
439 3778 504 3842 und
527 3778 702 3843 historisch
726 3779 911 3844 behandelt.
943 3777 1067 3864 Brugg.
1091 3779 1155 3844 100
1178 3775 1304 3864 pagg),
1332 3801 1373 3842 ne

227 3870 325 3935 huius
350 3868 480 3953 quidem
504 3889 601 3950 opera
626 3889 678 3951 eo,
703 3891 766 3952 quo
786 3868 903 3953 dignus
924 3871 1006 3951 erat,
1031 3869 1230 3951 exciperetur
1253 3869 1372 3932 favore.

227 3997 269 4006 -
286 3957 453 4041 (letarum,
475 3960 512 4020 ut
535 3956 703 4022 redeamus
724 3957 762 4022 ad
781 3957 862 4022 belli
881 3956 984 4020 Africi
1007 3956 1132 4021 codices
1157 3980 1176 4020 a
1199 3957 1371 4022 Duebnero

226 4048 406 4132 adhibitos,
437 4047 554 4110 horum
585 4045 740 4111 lectiones
774 4046 807 4110 in
842 4052 1002 4130 apparatu
1033 4050 1147 4110 nostro
1180 4045 1292 4109 critico
1326 4044 1370 4108 di-

250 4159 401 4202 ess1mus:

227 4160 249 4224 g
315 4225 435 4291 codicis
467 4222 671 4289 Ursiniani
705 4219 779 4308 (U),
812 4222 868 4306 qui
900 4223 963 4287 fuit
995 4224 1074 4288 olim
1106 4221 1213 4286 Fulvii
1248 4220 1369 4306 Ursini,

225 4337 310 4381 nunc
335 4317 520 4380 asservatur
542 4314 576 4376 in
594 4312 793 4376 bibliotheca
806 4310 967 4376 Vaticana
986 4309 1040 4398 (N.
1060 4309 1176 4394 3324),
1200 4333 1281 4378 saec.
1296 4310 1369 4376 XII.

227 4405 374 4472 Contulit
402 4425 476 4468 eum
504 4407 622 4486 rogatu
650 4400 813 4466 Duebneri
842 4399 969 4465 Kekule‘
1002 4401 1223 4466 Berolinensis
1256 4404 1290 4464 et
1321 4401 1369 4464 ita

230 4495 368 4579 quidem,
388 4496 425 4558 ut
443 4492 546 4575 locos,
566 4491 735 4575 dequibus
755 4490 810 4554 ille
826 4489 1002 4573 dubitaret,
1020 4490 1138 4554 iterum
1158 4491 1371 4571 examinaret,
