3288 5124
670 396 747 452 CAP.
767 403 809 452 26.
1294 397 1336 462 47

186 559 313 644 perire,
346 560 491 625 funditus
520 559 623 626 everti
651 561 692 625 ab
721 561 787 625 suis
810 560 963 644 inimicis,
996 561 1081 644 quod
1105 562 1167 626 nisi
1191 561 1339 627 celeriter

188 649 291 715 sociis
314 649 400 714 foret
423 649 630 731 subventum,
653 654 783 734 praeter
805 649 911 734 ipsam
933 649 1079 714 Africam
1102 654 1224 715 terram
1247 653 1338 736 nihil,

187 761 234 802 ne
257 742 379 803 tectum
398 739 541 823 quidem,
564 761 628 823 quo
653 762 687 803 se
706 738 901 822 reciperent,
925 742 965 803 ab
988 739 1121 804 illorum
1145 741 1265 805 scelere
1287 741 1337 804 in-

189 827 348 911 sidiisque
372 828 532 912 reliquum
554 827 709 893 futurum.
754 826 863 911 Atque
890 829 959 912 ipse
982 829 1016 892 in
1039 833 1133 893 tanta
1157 834 1227 894 erat
1248 829 1373 893 festi-4

148 935 166 985 5
187 916 326 981 natione
342 920 374 981 et
389 917 625 1002 expectatione,
644 921 681 981 ut
699 922 831 1002 postero
847 918 911 1002 die,
930 940 1027 1002 quam
1047 918 1190 982 misisset
1207 918 1337 983 litteras

190 1005 451 1089 [nuntiumque],
489 1007 626 1071 classem
664 1006 902 1090 exercitumque
939 1009 1060 1070 morari
1098 1007 1231 1090 diceret,
1269 1007 1336 1072 dies

187 1097 368 1178 noctesque
397 1095 508 1160 oculos
537 1099 741 1179 mentemque
765 1095 806 1159 ad
829 1118 917 1159 mare
942 1095 1106 1180 depositos
1130 1097 1337 1180 derectosque

188 1184 338 1248 haberet.
392 1183 462 1248 Nec
494 1185 626 1248 mirum:
659 1184 940 1249 animadvertebat
973 1185 1074 1267 enim,
1106 1184 1201 1250 villas
1236 1187 1371 1267 exuras

189 1293 291 1357 agros
315 1273 450 1354 vastari,
478 1295 575 1357 pecus
604 1273 714 1358 diripi,
743 1273 862 1358 oppida
891 1273 1088 1357 castellaque
1112 1274 1196 1338 dirui
1220 1275 1335 1339 deseri-

126 1383 167 1432 10
189 1384 254 1446 que
282 1361 443 1446 principes
471 1362 641 1428 civitatum
670 1367 726 1427 aut
753 1364 905 1428 0000101001
931 1368 987 1428 aut
1015 1364 1048 1427 in
1076 1363 1198 1428 catenis
1224 1365 1337 1449 teneri,

284 1589 462 1645 l*funditns
482 1591 523 1658 L,·
550 1592 731 1659 funditusque
751 1593 779 1646 R
805 1593 814 1659 ΙΙ
842 1597 973 1646 3eorum
993 1593 1019 1645 A
1049 1595 1059 1662 ΙΙ
1087 1597 1104 1646 4
1128 1593 1189 1646 erat
1206 1592 1235 1646 in
1255 1595 1337 1648 tanta

188 1662 220 1716 A
248 1663 257 1731 l
284 1661 549 1734 6*[nuntiumque]
568 1665 632 1717 1001.
651 1663 763 1727 Novella
788 1664 834 1718 cai
856 1663 965 1718 addunt
988 1663 1018 1717 in
1037 1661 1162 1718 Siciliam
1181 1663 1310 1718 AUFD
1327 1665 1336 1738 11

189 1741 207 1788 7
229 1733 392 1802 *depositos
411 1734 507 1788 APU
514 1735 544 1788 F
554 1735 591 1800 V,·
614 1733 766 1802 dispositos
785 1733 847 1788 LD
865 1740 889 1788 ei
908 1735 982 1791 editt.
1006 1737 1016 1804 fl
1038 1734 1196 1805 *derectos]
1216 1735 1336 1791 directos

191 1804 250 1873 ΘΙ]
277 1803 387 1859 Senim
406 1822 456 1859 om.
475 1806 502 1858 A
530 1807 539 1876 ΙΙ
567 1805 686 1873 adiripi
709 1804 844 1859 trucidari
865 1806 887 1859 0
906 1812 1018 1875 praeter
1041 1807 1081 1873 A,
1109 1807 1140 1861 ia
1167 1823 1219 1876 quo
1248 1813 1286 1862 est
1309 1809 1335 1862 d.

188 1876 333 1930 trucidare
354 1880 364 1944 1
389 1882 422 1930 10
440 1875 607 1948 *trucidari]
626 1877 747 1931 interfici
766 1877 789 1930 0

187 2091 265 2146 infra
293 2091 438 2146 ‘celeriter
470 2090 652 2144 subventum’
686 2090 731 2160 (cf.
760 2089 883 2144 similem
908 2091 1012 2146 codicis
1040 2092 1185 2146 Leidensis
1214 2111 1336 2149 errorem

188 2169 239 2228 33,
263 2164 303 2232 4);
332 2162 434 2217 deinde
461 2167 505 2228 31,
528 2167 544 2214 2
573 2178 668 2217 omnes
698 2161 807 2217 codices
836 2163 998 2232 conspirant
1024 2162 1054 2217 in
1082 2165 1203 2219 lectione
1234 2166 1336 2234 ‘quam

187 2233 421 2300 honestissime’;
447 2233 566 2302 denique
586 2250 657 2301 quae
676 2234 855 2303 proferuntur
873 2233 969 2302 aliqua
988 2251 1021 2287 ex
1040 2237 1119 2304 parte
1139 2235 1243 2289 similia
1261 2238 1334 2306 posi·

186 2305 313 2359 tivcrum
327 2305 469 2374 exempla,
489 2307 518 2358 et
532 2304 710 2360 continentur
724 2305 858 2374 pleraque
872 2304 947 2359 intra
962 2306 1094 2360 formulas
1108 2323 1193 2374 quam
1207 2325 1335 2376 magnus,

184 2394 274 2444 quam
293 2377 410 2444 multus,
435 2378 463 2429 et
485 2376 617 2445 leguntur
639 2375 669 2430 in
694 2376 846 2430 enuntiatis
865 2375 1020 2446 primariis,
1045 2377 1074 2430 in
1098 2377 1197 2445 quibus
1221 2381 1272 2432 aut
1290 2397 1335 2433 ex·

184 2447 321 2502 clamatio
344 2450 394 2502 aut
417 2445 526 2516 ellipsis
549 2448 633 2502 facile
657 2448 750 2502 locum
774 2447 874 2516 habet,
901 2447 991 2502 veluti
1016 2449 1090 2517 apud
1109 2447 1248 2517 Caelium,
1278 2449 1333 2504 Cic.

185 2519 270 2588 epist.
290 2526 315 2586 8,
332 2523 374 2587 10,
389 2525 405 2572 2
424 2518 515 2573 habeo
531 2535 615 2588 quam
630 2519 721 2573 multa
735 2521 779 2588 (=
798 2519 889 2573 habeo
905 2551 937 2558 —
953 2535 1036 2587 quam
1051 2519 1153 2574 multa!
1172 2523 1221 2572 ant
1235 2521 1334 2590 habeo,

184 2589 282 2644 neseio
302 2607 385 2658 quam
404 2591 513 2657 multa).
550 2589 690 2644 Antonius
715 2608 760 2660 ap.
784 2588 839 2644 Cic.
865 2607 907 2658 ep.
927 2590 985 2643 Ait.
1007 2595 1110 2657 10,.10,
1131 2596 1147 2643 2
1170 2593 1250 2644 tuum
1270 2608 1334 2645 con-

185 2660 282 2716 silium
307 2677 506 2731 quamverum
530 2661 579 2716 est.
617 2663 642 2714 A
665 2677 792 2716 sermone
816 2662 921 2715 urbano
942 2660 1120 2716 hauddubie
1140 2661 1262 2716 alienum
1283 2665 1334 2729 est,

186 2733 266 2798 quod
284 2734 389 2802 legitur
407 2733 436 2787 in
454 2734 480 2786 b.
501 2732 578 2802 Hisp.
598 2739 641 2800 33,
660 2740 675 2786 3
701 2749 797 2788 cenam
817 2732 910 2787 afferri
929 2749 1013 2800 quam
1032 2731 1156 2801 opimam
1175 2734 1333 2801 imperavit.

186 2803 230 2860 Of.
246 2804 365 2870 Ziemer‚
385 2803 543 2874 Vergleich.
569 2804 675 2872 Syntax
689 2805 738 2859 der
753 2803 880 2872 Compar.
897 2810 930 2859 72
941 2821 981 2872 sq.
1003 2835 1035 2843 -
1056 2809 1069 2856 1
1089 2805 1219 2871 funditas
1238 2806 1334 2877 everti]

185 2876 224 2928 de
243 2875 379 2941 asyndeto
400 2876 434 2930 cl.
455 2875 490 2930 ad
511 2879 553 2943 74,
573 2881 596 2927 1.
616 2907 650 2915 —
669 2876 827 2947 quodnisi]
846 2880 928 2942 024.
957 2875 984 2928 1).
1003 2875 1082 2930 Alex.
1103 2883 1144 2942 63,
1161 2884 1177 2928 6
1197 2879 1241 2943 (=
1255 2876 1333 2930 Asin.

185 2947 241 3015 Ρ.).
268 2945 328 3000 Ter.
344 2947 455 3001 Phorm.
471 2950 522 3001 155
541 2946 616 3014 quod
634 2946 665 2999 ui
682 2947 796 3002 fuissem
810 2944 983 3013 incogitans3
1003 2963 1065 3001 raro
1080 2949 1155 3016 apud
1171 2946 1333 3002 Ciceronem

186 3035 223 3070 ac
248 3017 369 3072 maxime
394 3017 425 3070 in
448 3015 589 3087 epistulis,
614 3035 751 3086 nusquam
776 3019 851 3088 apud
876 3016 1023 3072 Caesarem
1047 3035 1079 3072 ac
1105 3019 1279 3074 Sallustium.
1301 3052 1331 3059 -

186 3097 206 3142 6
225 3088 430 3161 [nuntiumque]
448 3089 496 3157 qui
515 3088 678 3158 adscripsit,
703 3092 883 3158 catascopum
904 3095 919 3154 ξ
937 3097 954 3144 3
974 3090 1008 3143 de
1027 3089 1140 3145 homine
1159 3090 1333 3146 intellexisse

183 3159 308 3214 videtur.
337 3191 369 3201 -
399 3161 568 3228 ‘ldepose'tos
591 3162 771 3231 derectusque]
793 3161 866 3214 binis
889 3161 1048 3214 nominibus
1073 3165 1173 3229 quater
1192 3162 1334 3230 particula

184 3237 214 3284 et
231 3232 276 3285 vel
295 3249 345 3300 que
362 3231 466 3286 iunctis
486 3232 658 3299 declaratur,
683 3233 712 3285 in
736 3234 841 3300 quanto
861 3248 904 3284 res
923 3233 1009 3286 fuerit
1027 3230 1200 3287 discrimine:
1225 3249 1260 3286 ea
1278 3234 1333 3287 fnit

185 3319 285 3368 causa,
305 3320 353 3356 our
368 3304 465 3371 quinto
481 3319 591 3370 qnoque
605 3303 730 3357 membro
750 3304 857 3372 (oculos
872 3303 1008 3366 derectos)
1028 3304 1188 3358 addendum
1202 3321 1330 3359 necessa-

183 3374 229 3426 rio
249 3376 323 3427 esset
341 3375 460 3428 alterum
485 3391 540 3428 non
565 3373 655 3428 solum
680 3375 779 3428 similis
803 3373 1017 3443 significationis
1036 3374 1225 3445 participium,
1246 3376 1334 3430 veluti

185 3445 344 3511 coniectos,
363 3462 524 3514 conversos,
542 3445 680 3513 intentos,
704 3447 857 3500 sedetiam
876 3446 1000 3499 eiusdem
1018 3445 1128 3508 formae
1148 3447 1177 3500 et
1195 3447 1330 3500 allittera-

184 3517 273 3570 tionis
289 3518 429 3571 suavitate
444 3519 555 3585 gratum
570 3516 695 3582 auribus;
716 3519 791 3585 quod
805 3534 890 3585 quam
903 3515 1025 3570 feliciter
1040 3516 1157 3586 elegerit
1176 3517 1332 3586 (depositos

185 3613 223 3632 =
242 3587 368 3655 defixos),
393 3588 510 3642 videant
532 3587 589 3641 alii.
626 3588 870 3658 Interpretaudum
895 3589 1002 3642 autem:
1026 3589 1122 3642 oculos
1145 3589 1272 3643 derectos
1297 3589 1333 3642 ad

183 3675 264 3713 mare
283 3662 328 3727 (=
342 3658 373 3712 in
391 3660 481 3730 mare)
499 3660 528 3713 et
547 3659 690 3728 depositos
710 3661 745 3714 ad
764 3677 840 3714 mare
860 3662 906 3729 (=
920 3659 951 3713 in
966 3657 1057 3727 mari).
1086 3660 1127 3714 De
1141 3660 1240 3729 figura,
1259 3676 1332 3729 quae

184 3731 289 3784 dicitur
312 3725 428 3799 ὕστερον
452 3727 591 3799 πρότερον
615 3731 649 3784 cf.
669 3732 705 3785 ad
728 3739 770 3800 21,
791 3739 806 3786 3
831 3731 1026 3786 incendebant.
1057 3762 1090 3770 —
1118 3735 1202 3786 Saea
1220 3732 1333 3800 miram]

185 3807 229 3866 73,
250 3808 273 3855 2.
305 3831 334 3841 —-
365 3808 380 3855 9
406 3803 485 3856 dirui
507 3802 655 3872 deserique]
681 3804 918 3872 coniungendam:
946 3803 1052 3872 oppida
1075 3801 1165 3856 deseri
1192 3804 1266 3872 (cum
1285 3804 1333 3857 ho-

182 3872 275 3926 mines
295 3872 403 3927 nobiles
422 3874 606 3942 profugerent
624 3879 638 3938 ξ
659 3875 700 3942 2),
720 3875 838 3928 castella
856 3874 941 3940 dirui3
962 3877 1025 3941 ant,
1046 3875 1069 3928 si
1089 3890 1154 3927 usus
1175 3877 1219 3928 est
1236 3875 1334 3943 figura,

183 3960 271 4012 quam
286 3942 383 3998 dicunt
396 3939 514 4014 ὕστερον
528 3942 681 4014 πρότερον,
699 3946 840 4000 sententia
853 3948 909 4000 est:
926 3945 1030 4015 oppida
1045 3945 1217 4013 castellaque
1233 3945 1333 4012 deseri,

183 4016 298 4069 deserta
316 4015 398 4070 dirui.
437 4015 475 4069 Cf.
496 4019 538 4082 20,
558 4022 583 4070 4.
620 4017 665 4068 An
690 4018 866 4071 scribendum
891 4017 949 4073 sive
976 4015 1098 4087 ‘oppida
1121 4016 1236 4071 castella
1260 4015 1334 4070 dirui

183 4085 354 4154 deserique’‚
375 4087 434 4141 sive
456 4086 575 4156 ‘oppida
589 4086 760 4157 castellaque
776 4087 849 4141 dirui
864 4088 986 4142 deseri’?
1003 4121 1036 4128 -
1054 4094 1085 4142 10
1104 4087 1254 4158 trucidari]
1273 4103 1331 4141 ver-

182 4157 253 4210 bum
276 4158 306 4211 et
328 4173 345 4210 a
368 4156 485 4212 Caesare
509 4160 539 4212 et
561 4159 597 4212 ab
621 4157 714 4213 Hirtio
734 4161 871 4228 spretum,
899 4157 997 4212 Asinio
1025 4161 1138 4228 praeter
1156 4159 1230 4212 huuc
1248 4177 1338 4220 unum,

185 4229 280 4282 locum
309 4230 474 4299 usurpatum
499 4229 585 4299 Epist.
610 4229 665 4284 Cic.
691 4234 738 4296 10,
757 4236 805 4298 32,
825 4235 840 4283 2
864 4231 1020 4284 trucidatus
1044 4233 1094 4284 est.
1133 4231 1234 4284 Parum
1258 4232 1333 4284 recte

182 4301 277 4354 adhuc
301 4301 535 4370 coniungebatur:
560 4317 645 4369 pecus
669 4301 767 4370 diripi,
791 4299 939 4369 trucidari,
964 4317 1027 4353 cum
1050 4301 1080 4354 in
1103 4299 1254 4369 pecoribus
1270 4318 1333 4356 cae-

183 4369 284 4425 dendis
311 4371 390 4426 nulla
414 4370 451 4426 sit
475 4372 640 4436 crudelitas;
669 4373 768 4426 contra
791 4371 946 4427 infinitivus
971 4372 1007 4425 ad
1033 4371 1206 4441 ‘principes'
1228 4372 1334 4428 relatus

181 4442 655 4570 ῗιρυ1ῗ10311οἐΣοοηἂο0οι“(1100001101’
673 4442 906 4499 allitteraticnem
922 4443 1009 4497 efficit
1024 4460 1088 4498 cum
1105 4443 1238 4515 ‘teneri’,
1258 4443 1333 4500 simi-

195 4531 340 4570 emr1a
381 4532 405 4570 rr
443 4532 497 4569 nur
536 4530 669 4582 eserrque.
