3288 5124
675 311 752 368 cAP.
771 317 815 370 41.
834 319 876 370 ra.
1309 321 1349 386 ῃ

198 499 307 562 neque
330 500 370 541 ex
393 499 430 542 eo
455 477 540 558 loco,
565 499 628 560 quo
648 476 855 562 constiterat,
878 477 1063 563 Scipionem
1083 485 1238 569 progredi
1264 483 1351 574 [pro-

198 566 289 650 pius]
315 563 377 652 [se]
402 566 686 632 animadvertisset
705 567 841 652 locoque
860 590 895 632 se
918 570 1023 654 magis
1043 570 1226 659 defendere,
1250 575 1279 640 si
1297 598 1349 641 res

199 656 379 740 coegisset,
402 678 499 738 quam
521 655 556 719 in
580 678 693 739 campo
718 657 899 722 comminus
923 659 1101 724 consistere
1124 662 1255 747 audere,
1284 686 1350 730 non

198 748 252 808 est
275 743 346 808 visa
364 745 449 809 ratio
468 746 601 828 propius
622 745 795 810 accedendi
814 768 851 810 eo
871 747 921 810 die
944 748 986 812 ad
1005 749 1170 836 oppidum,
1195 753 1348 836 quoniam

158 854 175 902 5
197 833 247 897 ibi
272 833 469 917 praesidium
494 834 615 918 grande
638 833 852 899 Numidarum
876 857 946 900 esse
970 844 1179 924 cognoverat,
1212 842 1348 922 [hostes-

198 943 264 1006 que
288 923 427 986 mediam
448 923 548 987 aciem
569 945 660 988 suam
680 924 800 1008 oppido
819 925 952 1006 texisse]
974 928 1007 989 et
1026 927 1086 991 sibi
1107 928 1239 994 difficile
1256 930 1348 996 factu

197 1033 272 1075 esse
295 1011 470 1094 intellexit,
503 1011 601 1076 simul
631 1015 664 1076 et
687 1013 841 1096 oppidum
873 1016 951 1094 [uno
974 1018 1133 1100 tempore]
1159 1031 1372 1104 oppugnare

196 1104 234 1163 et
260 1100 297 1163 in
326 1101 392 1165 acie
422 1100 469 1182 [in
497 1123 597 1166 cornu
625 1101 740 1166 dextro
773 1124 810 1166 ac
839 1102 986 1185 sinistro]
1018 1126 1056 1169 ex
1086 1105 1246 1190 iniquiore
1275 1110 1347 1174 loco

195 1209 359 1273 pugnare,
396 1190 590 1273 praesertim
623 1213 697 1255 cum
731 1191 851 1256 milites
885 1215 904 1256 a
937 1215 1031 1257 mene
1065 1194 1129 1258 diei
1158 1195 1258 1262 ieiuni
1286 1199 1346 1262 sub

136 1300 173 1348 10
196 1277 300 1343 armis
324 1278 493 1344 stetissent
517 1279 726 1364 [defatigant
766 1279 881 1366 Itaque
904 1282 1045 1347 reductis
1070 1283 1164 1366 [suis]
1189 1287 1289 1369 copiis
1312 1287 1381 1353 162

290 1513 303 1560 1
324 1507 484 1578 *[propius]
503 1509 666 1564 inclusimus
686 1510 695 1579 ΙΙ
718 1513 734 1560 2
753 1508 829 1579 *[66]
849 1525 899 1564 om.
914 1510 942 1563 L
964 1510 974 1578 ΙΙ
997 1511 1165 1567 advertisset
1182 1514 1211 1567 A
1232 1516 1242 1584 ΙΙ
1265 1521 1280 1568 ³
1301 1532 1345 1569 co-

194 1579 290 1632 minus
309 1579 335 1630 J.
358 1582 367 1647 ss
390 1585 407 1632 4
426 1580 470 1634 666
488 1580 515 1632 L
532 1597 579 1635 sec.
599 1597 633 1634 m.
653 1581 725 1633 inter
743 1595 836 1635 aereus
857 1580 867 1648 1
894 1584 910 1633 6
929 1580 983 1654 ibi]
1004 1582 1058 1650 ipsi
1076 1584 1104 1635 A
1127 1585 1136 1654 ΙΙ
1159 1584 1344 1654 *[bostesque

195 1692 202 1703 .
221 1693 227 1704 .
243 1691 249 1704 .
265 1648 380 1722 texisse]
395 1652 460 1704 1661.
475 1651 930 1720 11666116,616616666611166641,
945 1654 1016 1720 3116
1031 1653 1135 1708 texisse
1150 1657 1179 1709 et
1193 1655 1327 1725 Nipperd.
1335 1678 1346 1722 ;

193 1719 334 1774 texissent
354 1721 393 1785 0,·
419 1722 483 1789 fort.
503 1724 676 1777 scribendum
695 1721 833 1776 texissent
852 1724 881 1776 et
907 1725 916 1792 11
944 1723 1052 1793 sibique
1071 1726 1102 1791 d,
1121 1742 1172 1780 rec.
1200 1729 1210 1793 l
1237 1726 1342 1782 factum

193 1791 318 1860 ALPll
347 1799 361 1845 7
385 1791 474 1863 *[666
497 1793 636 1864 tempore]
659 1795 821 1847 inclusimus
848 1796 858 1864 [Ι
886 1810 1046 1863 expugnare
1071 1795 1096 1848 V
1121 1799 1130 1864 11
1162 1796 1261 1868 8*[in
1281 1840 1287 1851 .
1309 1839 1342 1853 ..

192 1863 848 1934 61616666]6’6616616666;166666666666
872 1881 905 1918 ac
930 1865 1075 1919 sinistrum
1094 1869 1121 1919 A
1154 1869 1164 1936 l
1196 1874 1230 1922 10
1253 1867 1345 1940 [desa-

191 1933 294 2005 tigati]
312 1936 375 1988 incl.
395 1935 548 2004 Nipperd.‚·
565 1935 714 2004 defatigati
733 1935 879 1990 stetissent
891 1936 919 1989 L
937 1939 946 2007 l
966 1936 1071 2009 *[6616]
1090 1939 1266 2006 inclusarum
1280 1947 1345 2009 post

192 2005 285 2076 copiis
303 2023 362 2074 sup.
382 2022 488 2062 6666666
506 2007 534 2060 L
554 2011 563 2078 ΙΙ
583 2008 614 2061 16
632 2012 726 2061 castra
743 2023 794 2061 om.
818 2006 844 2059 V

190 2221 300 2289 logiam
318 2238 369 2289 pro
390 2221 493 2291 ‘prope
512 2237 599 2289 nsque
615 2219 666 2274 ad'
687 2219 808 2289 ponitur.
839 2218 937 2287 Itaque
957 2219 993 2274 ad
1010 2219 1135 2275 Caesaris
1155 2239 1187 2276 66
1202 2221 1342 2278 Ciceronis

191 2310 274 2345 usum
293 2292 408 2361 propius
427 2290 550 2361 accedit,
570 2291 645 2359 quod
664 2290 777 2344 Asinius
798 2297 839 2358 19,
859 2296 876 2343 4
896 2290 1022 2360 scripsit:
1047 2309 1136 2360 usquc
1155 2294 1191 2347 ad
1210 2294 1277 2348 solis
1297 2312 1341 2348 oc-

192 2380 290 2418 casum
308 2367 353 2418 est
371 2363 557 2417 decertatum:
584 2379 687 2416 novum
711 2364 740 2416 et
762 2362 898 2428 insolens,
923 2364 998 2432 quod
1026 2365 1120 2416 nostro
1148 2365 1210 2419 loco
1229 2366 1340 2435 legitur.

191 2435 310 2488 Secutus
334 2439 378 2489 est
400 2434 496 2488 Livius
521 2441 545 2500 6,
564 2440 608 2501 42,
628 2439 662 2488 10
684 2450 773 2502 prope
798 2432 983 2487 secessionem
1008 2451 1052 2488 res
1076 2434 1168 2500 venit3
1199 2443 1242 2503 26,
1261 2443 1340 2502 48,8

191 2521 227 2560 66
247 2505 392 2560 contentio
411 2523 473 2560 cum
498 2522 586 2574 prope
609 2504 777 2560 seditionem
795 2503 916 2572 veniret,
947 2505 1014 2558 Tac.
1035 2523 1098 2559 ann.
1118 2512 1142 2573 6,
1165 2512 1205 2560 1³.
1232 2511 1273 2576 14,
1293 2514 1340 2573 423

191 2595 363 2646 quamquam
382 2579 413 2630 in
430 2577 475 2630 his
494 2577 642 2646 exemplis,
662 2578 755 2631 uirum
774 2576 810 2630 ad
829 2574 884 2628 loci
904 2575 1138 2643 significationem
1158 2595 1195 2631 an
1214 2577 1250 2630 ad
1269 2579 1338 2633 tem-

189 2647 269 2718 poris
288 2651 374 2702 verba
393 2649 550 2703 revocanda
568 2648 637 2714 sint,
661 2647 708 2701 vix
732 2648 879 2701 discernas.
918 2645 1006 2714 (Ourt.
1028 2653 1069 2714 10,
1090 2653 1114 2716 6,
1135 2655 1168 2702 12
1192 2665 1279 2718 prope
1304 2651 1340 2704 ad

190 2719 359 2775 seditionem
385 2721 583 2788 pervenerant;
604 2719 671 2773 Sall.
691 2720 756 2772 Tac.
774 2718 853 2772 iuxta
872 2717 1059 2786 seditionem.)
1080 2716 1336 2793 -'1propiussc]

191 2792 291 2860 Neque
309 2791 412 2845 Caesar
431 2792 480 2844 aut
497 2789 605 2844 Hirtius
624 2794 673 2845 666
687 2788 800 2844 Asinius
819 2789 950 2843 dixerunt
970 2788 1097 2860 ‘propius
1116 2791 1256 2862 progredi,
1276 2810 1339 2862 pro·

190 2863 255 2932 pius
278 2863 469 2932 promoverc’,
494 2861 598 2915 similia
622 2860 749 2934 (propius
769 2860 914 2926 accedere,
940 2860 1103 2928 admovere,
1127 2862 1188 2916 sim.
1212 2865 1338 2933 passim),

190 2950 283 3002 neque
302 2935 376 3003 apud
396 2934 509 2988 eosdem
532 2932 696 2987 adverbium
721 2931 837 3001 propius
860 2931 947 2985 verbo
974 2933 1163 3002 postpositum
1187 2935 1337 2990 invenitur.

190 3005 232 3059 cf.
252 3005 307 3086 ind.
328 3005 403 3088 verb.
423 3023 444 3060 s.
459 3023 484 3061 v.
504 3004 627 3075 propius.
646 3035 680 3044 —
701 3010 715 3056 2
735 3005 760 3086 si
772 3020 815 3058 ree
829 3004 966 3086 66661666]
983 3002 1060 3088 Caes.
1078 3011 1102 3072 7,
1118 3011 1160 3073 78,
1176 3011 1206 3072 2;
1225 3005 1338 3060 Asinius

189 3075 315 3203 {latit
327 3079 487 3219 ‚stab
507 3074 1336 3226 16116666661166661161266

188 3219 286 3273 bulum
311 3218 479 3289 ‘oppidum'
504 3218 579 3272 intra
602 3235 755 3287 paucorum
781 3218 981 3271 versiculorum
1006 3216 1128 3286 spatium
1152 3221 1195 3272 ter
1214 3219 1337 3288 positum

189 3293 240 3345 est.
269 3321 301 3330 -
330 3299 346 3344 6
372 3292 486 3358 difficile
510 3290 600 3360 fucta]
626 3287 745 3356 locutio,
772 3306 843 3356 quae
868 3289 1023 3358 pleonaemi
1048 3289 1171 3358 speciem
1192 3291 1334 3356 quandam

188 3378 256 3430 prae
282 3380 310 3416 se
334 3361 401 3429 fert,
429 3364 535 3416 novata
558 3377 618 3414 esse
642 3361 754 3414 videtur
777 3359 813 3414 ad
832 3360 992 3429 exemplum
1011 3358 1087 3414 illius
1106 3359 1224 3414 difficile
1244 3361 1335 3426 dictu;

186 3451 279 3502 neque
306 3434 403 3488 tamen
427 3431 522 3488 Cicero
547 3449 580 3486 ea
604 3431 644 3485 uti
669 3431 821 3497 dubitavit,
850 3429 938 3484 veluti
964 3447 1015 3499 pro
1039 3431 1170 3485 Cluentio
1194 3437 1254 3487 201.
1293 3433 1333 3486 Cf.

187 3505 214 3558 b.
235 3505 312 3560 Alex.
333 3511 380 3571 ³0,
407 3503 548 3574 Hisp18.
586 3502 714 3566 Richter,
743 3503 784 3556 De
809 3501 914 3570 supinis
938 3500 1052 3570 linguae
1075 3501 1180 3556 latinae
1200 3503 1271 3571 part.
1294 3503 1334 3556 111

186 3576 281 3646 (1858)
300 3595 328 3645 p.
350 3582 390 3630 13.
415 3607 448 3616 -
474 3582 489 3629 2
510 3576 576 3645 [666
595 3574 723 3645 tempere]
742 3571 920 3642 inclusimus,
945 3575 1011 3640 quia
1029 3573 1100 3626 nihil
1119 3575 1162 3627 est
1181 3574 1255 3642 quod
1274 3591 1334 3628 am-

187 3645 262 3716 plius
289 3647 355 3700 addi
380 3647 469 3716 possit
493 3644 650 3701 sententiae
673 3645 818 3715 particulis
843 3643 925 3698 simul
945 3649 974 3698 et
994 3688 1000 3699 .
1020 3687 1026 3699 .
1048 3691 1053 3702 .
1074 3647 1102 3698 et
1120 3645 1279 3700 adornatae.
1300 3677 1333 3686 -

187 3725 204 3772 9
219 3737 238 3773 6
250 3718 342 3788 mccc]
357 3725 399 3786 61,
416 3725 428 3771 1
445 3737 463 3772 6
476 3734 558 3771 6666
573 3733 659 3785 usque
674 3715 711 3771 ad
724 3718 822 3770 horam
837 3717 876 3780 Χ,
896 3721 938 3783 62,
950 3722 980 3781 6;
1000 3715 1130 3769 similiter
1144 3731 1199 3769 non
1214 3715 1332 3772 Plautus

187 3790 271 3845 modo
290 3794 319 3844 et
338 3788 474 3859 Lucilius,
495 3788 544 3842 sed
564 3788 609 3843 vel
628 3787 683 3843 Cic.
700 3789 783 3857 epist.
803 3793 827 3857 9,
843 3793 886 3854 26,
904 3793 920 3840 3
940 3791 969 3857 (6
983 3803 1064 3841 6666
1079 3803 1165 3855 usque
1186 3788 1222 3840 ad
1236 3805 1333 3857 vespe-

186 3863 273 3929 rum),
302 3861 390 3916 Varro
410 3862 428 3914 l.
452 3860 501 3916 166,
526 3867 550 3925 9,
577 3866 610 3914 73
640 3876 702 3914 666
728 3857 820 3928 primo
845 3875 936 3912 mane.
974 3855 1074 3913 Caesar
1099 3875 1181 3912 mane
1207 3858 1334 3914 adverbii

186 3932 300 4001 quidem
320 3933 382 3988 loco
401 3932 508 4001 posuit,
528 3947 670 4000 nunquam
685 3947 751 3986 vero
770 3930 798 3984 vi
818 3929 937 3985 ablativi
956 3948 973 3984 a
991 3929 1198 3998 praepositione
1219 3947 1332 4000 suspen·

186 4021 257 4058 sum.
295 4002 335 4058 Cf.
355 4003 455 4070 181,3
475 4019 493 4056 a
511 4003 601 4072 prima
621 4004 689 4056 luce.
710 4033 738 4042 -
760 4006 794 4055 10
812 4001 970 4072 defutipatc]
989 4018 1119 4070 perverse
1138 4001 1265 4055 additum
1281 4003 1332 4070 est,

184 4091 276 4143 neque
300 4075 374 4129 euim
396 4072 503 4128 milites
521 4073 578 4127 iam
602 4074 694 4143 prima
716 4073 779 4127 luce
802 4071 952 4143 defatigati
975 4073 1068 4140 erant;
1092 4074 1237 4141 praeterea
1261 4071 1333 4126 desi·

185 4147 301 4201 deretur
318 4144 459 4215 particula
477 4145 647 4214 copulativa.
685 4144 725 4198 cf.
744 4141 841 4196 Livius
861 4149 904 4210 21,
919 4148 962 4211 66,
977 4149 993 4196 8
1012 4144 1107 4198 ieiuna
1125 4144 1253 4212 fessaque
1272 4160 1330 4199 cor-

184 4234 262 4287 pora.
282 4248 317 4256 -
336 4217 455 4272 reductis
473 4216 572 4288 copiis]
591 4222 638 4283 62,
658 4223 674 4270 3
694 4232 728 4269 ex
745 4214 846 4268 itinere
865 4213 953 4282 copiis
972 4215 1096 4268 reductis
1116 4258 1122 4270 .
1143 4259 1148 4270 .
1170 4258 1176 4270 .
1195 4214 1331 4270 auxilium

184 4287 264 4355 66116
287 4292 320 4343 66
343 4290 439 4342 66666
461 4287 574 4342 Asinius
598 4285 711 4356 scripsit
729 4287 758 4339 et
776 4284 872 4354 copias
891 4285 1023 4339 reducere
1043 4287 1072 4338 et
1091 4286 1187 4355 copias
1206 4303 1270 4340 suas
1290 4305 1330 4341 re·

184 4361 299 4427 ducere,
327 4359 369 4414 ita
391 4359 421 4414 in
445 4360 570 4414 ablativo
593 4373 661 4413 casu·
682 4373 836 4427 pronomen
861 4357 955 4426 potius
979 4356 1166 4412 omittendum
1194 4359 1268 4428 erat,
1296 4376 1330 4414 ne

182 4431 240 4486 tria
258 4431 389 4501 deinceps
408 4431 546 4487 vocabula
565 4431 665 4484 cadem
684 4427 882 4484 terminatione
900 4427 1053 4484 finirentur.
