3292 5132
283 403 348 458 VIII
748 398 961 455 PRAEFATIO.

377 566 496 631 codicis
519 563 741 629 Florentini
764 560 820 649 (F)
845 562 912 627 sive
935 561 1142 627 Riccardiani
1165 560 1259 650 (bibl.
1283 562 1430 630 Riccard.

285 655 326 723 N.
351 653 446 738 541),
469 676 550 719 saec.
572 651 654 717 XIII
678 652 804 737 scripti,

375 743 492 808 codicis
516 741 830 806 Vindobonensis
854 739 895 805 N.
914 739 957 804 65
981 741 1074 804 catal.
1093 739 1240 806 Endlich.
1265 739 1339 828 (V),
1362 765 1430 807 sae-

286 836 359 899 culo
382 832 446 897 XII
470 837 607 897 exeunte
630 831 681 895 vel
705 829 785 894 XIII
809 830 939 893 ineunte
963 828 1089 912 scripti,
1113 851 1209 912 quem
1232 830 1266 894 in
1290 832 1430 915 gratiam

285 922 451 987 Duebneri
466 920 708 987 accuratissime
723 920 864 983 excussit
877 918 994 983 Eman.
1009 918 1185 983 Hoffmann
1185 920 1294 1004 ,.prof
1309 919 1429 985 Vindo-

285 1011 454 1094 bonensis3

376 1099 494 1166 codicis
518 1097 754 1165 Dresdensis
779 1095 1016 1162 membranacei
1037 1095 1117 1161 bibl.
1140 1095 1275 1181 Regiae,
1303 1097 1345 1163 N.
1365 1100 1430 1164 122

286 1187 362 1278 (D),
385 1189 514 1254 saeculo
538 1187 616 1252 XIV
640 1186 753 1271 scripti
776 1190 809 1250 et
832 1208 851 1250 a
873 1183 1080 1250 Duebnero
1070 1208 1141 1269 ipso
1166 1187 1292 1272 collati,

376 1278 495 1343 codicis
517 1276 750 1342 Drasdensis
770 1275 945 1359 chartacei,
964 1274 1043 1338 bibl.
1064 1274 1142 1360 Reg.
1160 1273 1199 1340 N.
1215 1276 1257 1342 83
1272 1237 1331 1362 (b),
1350 1277 1429 1342 item

288 1391 308 1433 a
330 1367 503 1432 Duebnero
528 1366 650 1432 collati
686 1364 813 1430 Horum
836 1365 938 1447 script
939 1385 1014 1428 uras
1038 1362 1106 1427 fere
1130 1386 1242 1428 omnes
1268 1364 1429 1431 Duebneri

288 1457 429 1522 editione
457 1457 507 1520 usi
535 1455 739 1520 enotavimus
768 1463 880 1537 except
881 1453 909 1517 is
867 1456 1050 1517 ttamen
1077 1452 1173 1518 rebus
1197 1454 1373 1519 levioribus
1398 1459 1431 1520 et

286 1547 463 1630 plerisque,
487 1567 569 1628 qnae
593 1545 634 1608 ad
658 1543 928 1628 orthographiam
951 1541 1129 1626 pertinent,
1153 1544 1307 1658 queniam
1330 1545 1369 1609 de
1393 1567 1431 1608 ea

286 1641 429 1700 summat
431 1636 475 1698 im
500 1633 680 1698 diceret
629 1638 680 1697 eat
681 1633 731 1696 ius
755 1631 861 1696 visum
885 1635 943 1696 est.

374 1723 513 1788 Perraro
532 1723 729 1807 protulimus
747 1720 902 1786 lectiones
922 1719 1041 1785 codicis
1060 1718 1327 1805 Norvicensis,
1345 1744 1431 1787 nunc

287 1811 371 1878 (lant
356 1812 583 1896 tabrigiensiS,
607 1810 756 1894 usurpati
780 1807 953 1874 aDav1s10
972 1815 1006 1873 et
1024 1807 1171 1892 Olarhio,
1195 1811 1250 1893 qui
1269 1810 1332 1874 fuit
1351 1812 1431 1876 olim

284 1902 417 1966 Ioannis
437 1901 561 1982 Moore,
585 1899 729 1984 episcopi
747 1897 965 1964 Norvicensic.
1003 1898 1124 1962 Multas
1144 1898 1274 1982 quidem
1297 1900 1432 1983 praebet

287 1991 442 2074 optimas,
462 1990 517 2054 sed
533 2012 599 2053 non
615 2011 654 2053 ex
669 1989 776 2053 codice
792 1988 968 2071 archetypo
984 1987 1149 2065 deductas,
1170 1988 1225 2052 sed
1240 2010 1278 2051 ex
1297 1989 1429 2074 ingenio

287 2079 480 2144 correctoris
505 2079 642 2144 alicuius
669 2079 801 2164 linguae
826 2076 946 2142 latinae
973 2076 1060 2140 haud
1088 2076 1232 2161 imperiti
1260 2082 1431 2143 correctas.

285 2167 410 2232 Eadem
443 2171 493 2233 est
478 2167 608 2232 tratio
642 2166 761 2232 codicis
793 2165 862 2230 Pet
848 2165 1011 2249 taviani,
1044 2165 1082 2229 de
1115 2165 1206 2230 cuius
1237 2165 1315 2230 fatis
1348 2167 1514 2234 dixit.

284 2257 471 2322 Duebner
461 2280 496 2321 1n
518 2256 655 2342 praefat.
678 2276 731 2340 pg.
754 2255 857 2319 XXV.

373 2344 522 2430 Denique
546 2345 691 2410 codicum
715 2344 860 2408 nondum
884 2343 1078 2408 collatorum
1103 2345 1389 2409 commemorandi:

374 2436 473 2500 codex
501 2434 748 2499 Monacensis
781 2434 839 2498 lat.
873 2432 982 2497 15765
1010 2429 1205 2519 (Salishurg
1238 2434 1330 2499 aulic.
1363 2435 1430 2520 65),

286 2525 427 2608 scriptus
452 2524 581 2590 saeculo
604 2522 680 2609 XV3

375 2614 474 2679 codex
508 2611 792 2698 Sangallensis,
828 2610 1045 2676 bibliothecae
1081 2611 1264 2695 Vedianas,
1301 2611 1336 2676 B.
1360 2611 1430 2698 14,

287 2703 426 2788 scriptus
451 2703 580 2767 saeculo
603 2701 674 2767 XV.

377 2967 426 3032 De
454 2989 493 3032 re
518 2967 825 3053 orthographica
852 2966 976 3050 siquis
1001 2971 1150 3051 quaerat,
1179 2968 1321 3034 codicem
1346 2971 1429 3035 anti-

286 3057 477 3159 quissimnm
498 3057 842 3121 Ashburnhamensem
862 3057 977 3120 ceteris
996 3061 1163 3141 praestare
1181 3057 1335 3144 inveniet,
1359 3081 1430 3143 pas-

287 3147 348 3211 sim
381 3146 467 3210 enim
499 3169 582 3210 unus
615 3146 738 3212 formas
770 3145 969 3229 antiquiores
1009 3147 1158 3210 servavit
1135 3145 1251 3211 tld
1284 3169 1357 3212 cnm
1390 3148 1429 3213 de

286 3236 453 3301 vocalibus
478 3236 621 3320 valet,t
607 3240 676 3300 tum
704 3235 743 3300 de
772 3238 952 3300 consonant
938 3235 1059 3298 tibus
1050 3257 1085 3297 m
1107 3236 1214 3299 verbis
1238 3238 1428 3321 compositis

285 3347 351 3389 non
376 3325 577 3389 assimilatis.
622 3324 700 3389 na
691 3346 762 3408 ipsa
781 3333 835 3388 ant
837 3347 888 3388 em
907 3346 941 3387 re
960 3319 1111 3389 Asinium
1129 3329 1271 3389 veterem
1295 3348 1428 3410 morem,

286 3415 336 3478 cui
366 3413 539 3478 Sallustius
568 3436 696 3497 quoque
726 3413 976 3497 obtemperavit,
1008 3417 1153 3478 secutum
1184 3436 1254 3478 esse
1284 3421 1429 3500 apparet,

225 3555 231 3572 .
285 3526 356 3567 cum
385 3504 531 3588 pleriqnc
560 3503 725 3586 aequales,
757 3502 842 3586 quod
871 3463 1013 3587 Augusti
1002 3502 1249 3587 rtemporibus
1281 3504 1419 3569 invaluit
1405 3510 1429 3588 t,

286 3592 558 3662 assimilationem
590 3592 774 3675 probarent.
830 3591 922 3666 Quod
958 3612 1021 3675 quo
1055 3591 1171 3657 melius
1205 3597 1427 3679 cognoscatur,

286 3681 415 3766 singula
439 3702 584 3764 quaeque
609 3682 675 3745 suis
699 3680 871 3766 generibus
896 3680 1122 3746 attribuamus.

375 3768 655 3834 Commutatarum
678 3771 861 3833 litterarum
884 3785 924 3834 ac
948 3771 981 3833 et
1004 3787 1022 3834 c
1047 3771 1194 3854 exempla
1212 3770 1357 3854 proferre
1377 3794 1427 3836 su·

285 3858 500 3943 persedimus3
528 3881 605 3923 nam
634 3859 732 3924 codex
761 3859 789 3920 A
817 3857 994 3922 inhaere
1018 3858 1097 3924 adeo
1121 3860 1358 3925 inconstantiae
1381 3861 1428 3925 in-

286 3948 412 4031 dulget,
435 3951 473 4012 ut
491 3949 682 4032 plerumque
701 3947 858 4031 scriptum
882 3947 926 4012 sit
945 3946 1065 4013 Caesar
1086 3945 1205 4035 (rarius
1225 3946 1348 4036 Cesar),
1372 3951 1428 4015 sed

285 4038 376 4102 nulla
398 4037 465 4102 fere
493 4037 681 4121 exceptione
705 4035 830 4120 Getuli3
858 4037 1025 4121 praeditus
1054 4041 1088 4101 et
1110 4037 1300 4123 presidium3
1327 4038 1427 4105 lubae

286 4130 318 4190 et
339 4126 433 4212 Iube,
457 4130 490 4190 et
514 4147 596 4210 quae
620 4129 696 4189 sunt
719 4125 846 4190 similia.

374 4233 416 4281 an
443 4215 478 4280 in
504 4215 662 4280 vocabulo
691 4213 905 4300 ‘plaustrum'
929 4215 1034 4280 vocali
1058 4233 1076 4280 o
1101 4214 1198 4279 cessit
1222 4215 1299 4300 9,1.
1324 4218 1376 4302 21,
1396 4220 1425 4283 2.

287 4304 341 4388 75,
364 4305 394 4369 3.

374 4411 469 4477 cpro
488 4392 500 4457 i
519 4415 601 4456 unus
620 4389 651 4455 A
670 4393 813 4458 servavit
830 4392 865 4456 in
883 4391 1087 4456 Mauretania
1104 4394 1161 4475 22,
1174 4394 1205 4458 2.
1228 4395 1281 4479 23,
1297 4395 1324 4479 l,
1344 4417 1427 4479 quae

286 4482 445 4566 scriptura
463 4482 728 4564 inscriptionibus
748 4481 965 4547 confirmatur.
1003 4481 1143 4567 Vergilii
1162 4504 1289 4567 quoque
1308 4506 1428 4549 nomen
