3292 5132
301 385 366 440 XVI
766 381 980 437 PRAEFATIO.

303 548 393 612 bello
414 545 541 611 Gallico
560 545 703 611 codicem
716 545 907 609 Leidensem
927 544 1090 628 despicere
1110 548 1304 629 consuesset,
1324 544 1445 630 aliquid

301 636 514 720 praeiudicati
552 635 592 699 ad
624 635 845 699 recensionem
877 634 955 697 belli
987 632 1090 697 Africi
1128 633 1278 698 attulisse
1311 633 1446 700 videtur.

303 724 408 789 Simili
439 728 547 788 autem
578 723 705 789 ratione
735 723 879 788 codicem
908 721 1133 805 Ursinianum,
1164 744 1260 806 quem
1290 723 1324 786 in
1353 723 1446 788 libris

303 814 382 879 belli
407 812 527 878 Gallici
551 835 589 876 ex
613 811 767 877 Thuaneo
792 812 975 877 derivatum
999 833 1070 875 esse
1092 811 1163 876 luce
1186 811 1308 876 clarius
1332 816 1390 896 est,
1413 815 1448 876 in

302 903 427 968 ultimis
452 902 547 966 libris
571 925 610 965 ex
634 901 698 966 alio
722 900 814 966 fonte
838 921 987 966 manasse
1011 899 1176 964 intellexit
1199 900 1398 966 Duebnerus

395 993 503 1075 Atque
523 995 560 1054 ut
578 990 772 1073 incipiamus
797 990 931 1054 erebus
950 989 1134 1074 levioribus,
1156 989 1182 1052 L
1203 991 1330 1073 saepius
1351 991 1447 1056 verba

307 1082 396 1146 solus
419 1081 520 1144 habet
544 1080 591 1144 ila
616 1078 779 1161 ordinata,
807 1078 968 1163 quomodo
997 1081 1053 1142 aut
1076 1079 1251 1142 secundum
1274 1083 1449 1163 praecepta

307 1169 597 1255 grammaticorum
623 1172 680 1232 aut
703 1169 878 1232 secundum
902 1167 1010 1232 Asinii
1034 1189 1128 1232 usum
1151 1166 1339 1233 collocanda
1362 1173 1448 1232 sunt.

304 1259 456 1324 Praestat
485 1258 571 1322 enim
595 1256 762 1342 genetivos
787 1257 1007 1340 substantivo,
1037 1279 1056 1320 a
1084 1278 1147 1342 quo
1176 1257 1329 1340 pendent,
1357 1279 1449 1341 prae-

304 1370 438 1434 ponere,
468 1352 525 1411 aut
553 1346 766 1411 substantivis
795 1369 868 1411 cum
896 1345 1062 1410 adiectivis
1090 1346 1272 1410 coniunctis
1300 1345 1451 1431 inserere,

305 1437 394 1502 cuius
423 1437 552 1521 generis
582 1439 659 1500 sunt
688 1437 779 1519 76,2
803 1436 844 1500 ab
869 1436 937 1499 eius
961 1435 1220 1520 impugnatione,
1251 1433 1449 1518 15,1n0v0

172 1552 179 1558 ·
304 1548 434 1612 pugnae
457 1547 589 1610 genere3
618 1526 709 1608 61,5
733 1528 809 1589 sunt
832 1525 943 1609 potiti,
967 1523 1059 1608 85‚4
1082 1523 1218 1608 imperio
1243 1526 1447 1589 auctoritate

307 1638 368 1700 que
392 1613 587 1679 insolentius
617 1614 746 1697 quidem
770 1614 856 1678 dicta
885 1616 974 1697 sunt,
1002 1615 1058 1677 sed
1086 1634 1159 1677 cum
1181 1612 1290 1676 Asinii
1318 1635 1449 1678 consue·

305 1704 416 1768 tudine
436 1706 636 1787 congruunt,
654 1706 692 1765 ut
711 1704 919 1786 exposuimus
939 1703 979 1766 ad
998 1703 1051 1785 22,
1065 1703 1095 1766 4.
1118 1703 1171 1785 28,
1184 1702 1215 1766 4.
1238 1701 1290 1786 51,
1305 1704 1335 1768 3.
1354 1702 1407 1786 85,
1420 1703 1451 1766 4.

306 1795 384 1858 item
413 1794 504 1876 24,1
535 1813 656 1875 paucos
685 1791 751 1855 dies
779 1792 826 1856 ibi
854 1795 1085 1874 commoratus,
1113 1791 1205 1872 39,2
1228 1813 1301 1855 cum
1324 1793 1388 1855 iam
1412 1842 1419 1855 .
1445 1842 1452 1856 .

307 1881 596 1948 animadvertisset
612 1880 691 1944 locis
714 1881 875 1946 similibus
895 1879 1022 1945 defendi
1045 1881 1079 1944 in
1098 1881 1308 1946 adnotatione
1327 1880 1452 1945 monui·

306 1995 388 2036 mus.
442 1971 530 2035 Haec
554 1974 662 2034 autern
691 1970 801 2035 omnia
824 1971 990 2054 librarius,
1018 1970 1094 2053 quia
1121 1991 1186 2034 non
1213 1973 1342 2053 poterat
1363 1969 1451 2034 forte

306 2060 440 2124 fortuna
474 2060 507 2123 in
541 2081 578 2124 ea
609 2059 765 2144 incidere,
797 2082 835 2123 ex
866 2060 995 2145 puriore
1026 2059 1118 2124 fonte
1146 2059 1294 2124 hausisse
1323 2080 1452 2124 censen-

308 2151 367 2214 dus
391 2152 448 2213 est.

394 2236 456 2302 Sed
486 2238 586 2302 verba
614 2259 740 2323 quoque
769 2238 855 2323 ipsa,
885 2261 967 2322 quae
995 2238 1030 2302 in
1058 2237 1084 2301 L
1111 2237 1232 2304 tradita
1261 2242 1350 2320 sunt,
1378 2259 1452 2301 cum

305 2350 367 2392 usu
396 2332 429 2391 et
458 2326 564 2391 Asinii
594 2332 627 2390 et
657 2326 855 2410 reliquorum
884 2327 1080 2412 scriptorum
1110 2329 1217 2411 magis
1249 2325 1452 2392 conveniunt.

307 2415 426 2492 Quidni
455 2416 558 2500 igitur
589 2438 627 2479 ex
657 2439 721 2480 uno
753 2415 779 2479 L
810 2417 1020 2481 restituamus
1049 2417 1106 2495 36,
1127 2417 1160 2480 1:
1189 2415 1243 2500 qui
1271 2415 1367 2482 modo
1394 2436 1452 2499 per

308 2510 449 2570 aetatem
474 2528 564 2569 arma
586 2504 671 2569 ferre
689 2511 821 2590 possent,
845 2528 917 2570 cum
941 2510 973 2570 et
996 2506 1188 2570 Sallustium
1211 2508 1244 2569 et
1266 2503 1394 2570 Livium
1417 2503 1451 2566 in

306 2596 427 2666 talibus
465 2595 635 2660 sententiis
669 2595 873 2660 coniunctivo
905 2617 982 2659 usos
1015 2616 1085 2659 esse
1116 2594 1305 2658 videamus?
1339 2596 1452 2658 contra

308 2684 397 2765 35,1
428 2683 564 2767 ‘quique
595 2705 668 2748 cum
699 2706 737 2748 eo
767 2683 873 2749 eraot'
905 2688 937 2748 et
967 2683 1129 2748 similibus
1158 2682 1268 2747 Asinii
1298 2681 1452 2765 exemplis

307 2773 504 2856 defenditur,
535 2777 568 2836 et
599 2772 840 2838 coniunctivum
868 2770 1005 2859 (essent)
1033 2795 1100 2838 non
1126 2772 1190 2836 nisi
1217 2770 1453 2855 interpretandi

308 2861 454 2926 artificiis
478 2884 555 2925 usus
580 2860 743 2946 explicare
766 2864 883 2945 possis.
929 2862 1061 2927 Rectius
1086 2883 1213 2945 quoque
1238 2861 1300 2926 dici
1325 2862 1360 2926 ia
1382 2881 1451 2925 con-

306 2951 438 3015 vallibus
464 2951 566 3014 latere
595 2972 694 3034 quam
722 2950 808 3016 inter
837 2951 1014 3036 convalleS,
1042 2951 1077 3014 in
1101 2950 1207 3015 adnot.
1232 2952 1271 3014 ad
1297 2951 1370 3035 7,6
1400 2971 1452 3013 ex-

308 3040 451 3125 positum
477 3042 538 3122 est3
561 3039 680 3104 rectius
705 3042 749 3105 od
777 3041 900 3107 Unitum
924 3063 1022 3124 quam
1046 3040 1166 3105 circum
1190 3038 1320 3104 Uzitam
1343 3040 1376 3104 in
1399 3037 1453 3102 ad·

176 3199 182 3208 ,
311 3133 379 3194 not.
403 3129 442 3192 aa
465 3130 519 3214 aa,
539 3129 566 3192 1.

398 3216 449 3282 Ne
468 3240 544 3283 vero
570 3219 642 3300 quis
667 3218 754 3284 dicat
776 3219 946 3284 librarium
965 3219 1084 3284 codicis
1107 3218 1134 3282 L
1157 3218 1237 3284 haec
1261 3241 1300 3284 ex
1321 3216 1453 3303 ingenio

310 3305 503 3390 correxisse,
536 3329 594 3372 nec
627 3311 798 3392 tantopere
828 3309 953 3392 peritus
988 3309 1042 3372 ille
1071 3307 1134 3372 fuit
1163 3309 1294 3392 linguae
1324 3308 1454 3387 latinae,

309 3396 392 3460 sicut
416 3417 454 3459 ex
478 3396 592 3460 multis
617 3398 740 3461 mendis
765 3398 983 3482 intellegitur,
1007 3418 1089 3480 quae
1113 3399 1272 3481 corrigere
1295 3397 1383 3461 haud
1405 3395 1452 3458 ita

308 3484 439 3549 difficile
467 3484 543 3566 fuit,
572 3489 605 3550 et
633 3486 667 3549 in
694 3486 861 3550 nonnullis
891 3487 972 3552 locis
996 3486 1215 3570 praestantior
1242 3487 1340 3551 lectio
1369 3486 1403 3549 in
1427 3483 1451 3547 L

309 3579 438 3639 servata
461 3580 519 3653 est,
543 3596 642 3657 quam
661 3575 715 3641 vix
734 3576 943 3640 coniectando
966 3575 1123 3640 invenias.
1165 3575 1311 3640 Priscam
1335 3573 1454 3640 oratio-

308 3685 383 3727 nem
415 3663 576 3748 imitatur,
609 3664 695 3748 quod
726 3666 818 3746 82,1
852 3687 890 3729 ex
922 3663 948 3727 L
981 3665 1139 3730 edidimus
1173 3667 1208 3730 ia
1237 3663 1452 3729 circumcundo

308 3753 479 3836 mantum,
504 3752 590 3837 quod
609 3753 697 3817 haud
714 3752 811 3817 facile
831 3755 1004 3838 quisquam
1027 3755 1203 3819 correxerit
1225 3776 1285 3837 pro
1304 3755 1454 3828 exercitia

307 3841 471 3925 poeticum
499 3842 642 3906 colorem
671 3841 771 3906 refert
794 3843 846 3922 25,
865 3844 887 3907 4
908 3864 1000 3926 repas
1022 3845 1148 3928 pulsia,
1176 3843 1268 3928 56,3
1292 3841 1454 3908 Gaesarem

308 3925 371 3995 aba
395 3930 515 4014 lambat,
538 3953 638 4015 quare
662 3930 742 3995 haec
762 3932 877 3998 Asinio
902 3936 935 3996 et
957 3937 1104 3998 veterum
1123 3931 1312 3998 admiratori
1336 3935 1369 3996 et
1391 3928 1455 4014 ipsi

308 4023 423 4103 poetae
447 4020 556 4103 potius
582 4042 680 4104 quam
702 4020 932 4106 interpolatori
955 4023 1127 4088 tribuenda
1150 4025 1234 4086 sunt.
1277 4020 1329 4085 Ad
1352 4021 1454 4104 ipsius

309 4109 409 4172 Ennii
442 4108 626 4193 exemplum
660 4109 846 4176 rettulimus
879 4111 954 4195 3‚5
986 4113 1115 4192 Africae
1147 4116 1255 4176 terrae.
1304 4111 1350 4174 Et
1382 4131 1454 4175 cum

310 4197 492 4282 particulae
519 4202 642 4281 autem,
672 4200 785 4284 etiam,
813 4200 898 4264 enim
927 4201 961 4263 in
985 4200 1100 4265 ceteris
1125 4199 1288 4264 codicibus
1312 4199 1364 4263 hic
1387 4197 1455 4262 illie

312 4287 397 4350 inter
421 4309 454 4351 se
478 4289 631 4353 confusae
656 4288 735 4373 sint,
762 4289 796 4353 in
819 4289 845 4353 L
869 4290 921 4374 51,
940 4289 970 4354 5.
994 4290 1046 4374 59,
1063 4290 1094 4353 4.
1120 4290 1171 4374 72,
1191 4291 1211 4354 3
1236 4311 1291 4352 eae
1316 4288 1455 4373 scriptae

313 4378 395 4458 sunt,
415 4397 496 4458 quae
516 4377 631 4461 cuique
651 4379 722 4443 loco
743 4381 883 4443 maxime
903 4381 999 4462 aptae
1018 4401 1088 4443 esse
1104 4379 1281 4442 videantur.
1320 4375 1456 4463 Singula

311 4485 498 4528 enumerare
518 4466 668 4551 longum,
691 4470 801 4551 itaque
825 4469 971 4552 legentes
994 4469 1035 4532 ad
1057 4468 1117 4532 hos
1136 4467 1344 4551 potissimum
1368 4468 1456 4531 locos
