<?xml version="1.0" encoding="UTF-8"?>
<!DOCTYPE html PUBLIC "-//W3C//DTD XHTML 1.0 Transitional//EN"
    "http://www.w3.org/TR/xhtml1/DTD/xhtml1-transitional.dtd">
<html xmlns="http://www.w3.org/1999/xhtml" xml:lang="en" lang="en">
 <head>
  <title>
</title>
<meta http-equiv="Content-Type" content="text/html;charset=utf-8" />
  <meta name='ocr-system' content='tesseract 3.04.00' />
  <meta name='ocr-capabilities' content='ocr_page ocr_carea ocr_par ocr_line ocrx_word'/>
</head>
<body>
  <div class='ocr_page' id='page_1' title='image "./casinipolionisd00miodgoog_0085.png"; bbox 0 0 3288 5124; ppageno 0'>
   <div class='ocr_carea' id='block_1_1' title="bbox 335 379 1076 446">
    <p class='ocr_par' dir='ltr' id='par_1_1' title="bbox 335 379 1076 446">
     <span class='ocr_line' id='line_1_1' title="bbox 335 379 1076 446; baseline 0.007 -15"><span class='ocrx_word' id='word_1_1' title='bbox 335 383 378 446; x_wconf 85' lang='lat'>38</span> <span class='ocrx_word' id='word_1_2' title='bbox 737 379 1076 437; x_wconf 76' lang='lat' dir='ltr'>aannuunrmcuu.</span> 
     </span>
    </p>
   </div>
   <div class='ocr_carea' id='block_1_2' title="bbox 235 544 1585 1440">
    <p class='ocr_par' dir='ltr' id='par_1_2' title="bbox 296 544 1480 811">
     <span class='ocr_line' id='line_1_2' title="bbox 333 544 1480 631; baseline 0.002 -20"><span class='ocrx_word' id='word_1_3' title='bbox 333 545 495 631; x_wconf 89' lang='lat' dir='ltr'>praesidia</span> <span class='ocrx_word' id='word_1_4' title='bbox 523 547 731 630; x_wconf 76' lang='lat' dir='ltr'><strong>congesserat</strong></span> <span class='ocrx_word' id='word_1_5' title='bbox 759 549 791 609; x_wconf 93' lang='lat' dir='ltr'>et</span> <span class='ocrx_word' id='word_1_6' title='bbox 819 568 856 610; x_wconf 92' lang='lat' dir='ltr'>eo</span> <span class='ocrx_word' id='word_1_7' title='bbox 884 568 979 629; x_wconf 90' lang='lat' dir='ltr'>parce</span> <span class='ocrx_word' id='word_1_8' title='bbox 1008 547 1170 610; x_wconf 88' lang='lat' dir='ltr'>utebatur.</span> <span class='ocrx_word' id='word_1_9' title='bbox 1216 544 1322 631; x_wconf 81' lang='lat' dir='ltr'>Opera</span> <span class='ocrx_word' id='word_1_10' title='bbox 1346 547 1480 613; x_wconf 77' lang='lat' dir='ltr'>interim</span> 
     </span>
     <span class='ocr_line' id='line_1_3' title="bbox 333 634 1480 720; baseline 0.003 -21"><span class='ocrx_word' id='word_1_11' title='bbox 333 638 403 720; x_wconf 92' lang='lat' dir='ltr'>ipse</span> <span class='ocrx_word' id='word_1_12' title='bbox 427 635 562 700; x_wconf 88' lang='lat' dir='ltr'>circuire</span> <span class='ocrx_word' id='word_1_13' title='bbox 586 634 703 699; x_wconf 92' lang='lat' dir='ltr'>cotidie</span> <span class='ocrx_word' id='word_1_14' title='bbox 727 638 759 698; x_wconf 88' lang='lat' dir='ltr'>et</span> <span class='ocrx_word' id='word_1_15' title='bbox 782 636 924 699; x_wconf 88' lang='lat' dir='ltr'>alternas</span> <span class='ocrx_word' id='word_1_16' title='bbox 953 635 1103 700; x_wconf 75' lang='lat' dir='ltr'>cohortes</span> <span class='ocrx_word' id='word_1_17' title='bbox 1130 637 1165 699; x_wconf 92' lang='lat' dir='ltr'>iu</span> <span class='ocrx_word' id='word_1_18' title='bbox 1193 637 1334 702; x_wconf 89' lang='lat' dir='ltr'>statione</span> <span class='ocrx_word' id='word_1_19' title='bbox 1356 637 1480 702; x_wconf 89' lang='lat' dir='ltr'>habere</span> 
     </span>
     <span class='ocr_line' id='line_1_4' title="bbox 296 723 1480 811; baseline 0.003 -24"><span class='ocrx_word' id='word_1_20' title='bbox 296 728 466 809; x_wconf 77' lang='lat' dir='ltr'>apropter</span> <span class='ocrx_word' id='word_1_21' title='bbox 488 725 632 788; x_wconf 89' lang='lat' dir='ltr'>hostium</span> <span class='ocrx_word' id='word_1_22' title='bbox 655 723 906 790; x_wconf 79' lang='lat' dir='ltr'><strong>multitudinem.</strong></span> <span class='ocrx_word' id='word_1_23' title='bbox 948 724 1111 788; x_wconf 80' lang='lat' dir='ltr'>Labienus</span> <span class='ocrx_word' id='word_1_24' title='bbox 1136 726 1263 790; x_wconf 91' lang='lat' dir='ltr'>saucios</span> <span class='ocrx_word' id='word_1_25' title='bbox 1287 747 1377 806; x_wconf 78' lang='lat' dir='ltr'>suos,</span> <span class='ocrx_word' id='word_1_26' title='bbox 1402 749 1480 811; x_wconf 92' lang='lat' dir='ltr'>quo-</span> 
     </span>
    </p>

    <p class='ocr_par' dir='ltr' id='par_1_3' title="bbox 235 811 1515 1344">
     <span class='ocr_line' id='line_1_5' title="bbox 235 811 1479 902; baseline 0.002 -24"><span class='ocrx_word' id='word_1_27' title='bbox 235 811 243 828; x_wconf 82' lang='lat'>&#39;</span> <span class='ocrx_word' id='word_1_28' title='bbox 330 837 403 879; x_wconf 91' lang='lat' dir='ltr'>rum</span> <span class='ocrx_word' id='word_1_29' title='bbox 436 814 597 879; x_wconf 86' lang='lat' dir='ltr'>maximus</span> <span class='ocrx_word' id='word_1_30' title='bbox 629 835 783 878; x_wconf 88' lang='lat' dir='ltr'>numerus</span> <span class='ocrx_word' id='word_1_31' title='bbox 815 813 891 896; x_wconf 85' lang='lat' dir='ltr'>fuit,</span> <span class='ocrx_word' id='word_1_32' title='bbox 930 813 1021 877; x_wconf 91' lang='lat' dir='ltr'>iubet</span> <span class='ocrx_word' id='word_1_33' title='bbox 1052 813 1087 878; x_wconf 92' lang='lat' dir='ltr'>in</span> <span class='ocrx_word' id='word_1_34' title='bbox 1118 814 1252 897; x_wconf 85' lang='lat' dir='ltr'>plostris</span> <span class='ocrx_word' id='word_1_35' title='bbox 1288 812 1479 902; x_wconf 87' lang='lat' dir='ltr'>[deligatos]</span> 
     </span>
     <span class='ocr_line' id='line_1_6' title="bbox 296 900 1515 986; baseline 0.004 -20"><span class='ocrx_word' id='word_1_36' title='bbox 296 901 547 968; x_wconf 85' lang='lat' dir='ltr'>3Adrumetum</span> <span class='ocrx_word' id='word_1_37' title='bbox 584 902 757 986; x_wconf 91' lang='lat' dir='ltr'>deportari.</span> <span class='ocrx_word' id='word_1_38' title='bbox 815 900 925 967; x_wconf 82' lang='lat' dir='ltr'>Nares</span> <span class='ocrx_word' id='word_1_39' title='bbox 961 902 1094 966; x_wconf 92' lang='lat' dir='ltr'>interim</span> <span class='ocrx_word' id='word_1_40' title='bbox 1127 901 1276 967; x_wconf 78' lang='lat' dir='ltr'>Caesaris</span> <span class='ocrx_word' id='word_1_41' title='bbox 1309 904 1515 973; x_wconf 80' lang='lat' dir='ltr'>onerariaes</span> 
     </span>
     <span class='ocr_line' id='line_1_7' title="bbox 332 990 1478 1076; baseline 0.002 -20"><span class='ocrx_word' id='word_1_42' title='bbox 332 991 532 1057; x_wconf 80' lang='lat' dir='ltr'>errabundae</span> <span class='ocrx_word' id='word_1_43' title='bbox 557 990 641 1055; x_wconf 87' lang='lat' dir='ltr'>male</span> <span class='ocrx_word' id='word_1_44' title='bbox 665 992 869 1076; x_wconf 88' lang='lat' dir='ltr'>vagabantur</span> <span class='ocrx_word' id='word_1_45' title='bbox 896 991 1039 1056; x_wconf 74' lang='lat' dir='ltr'>incertae</span> <span class='ocrx_word' id='word_1_46' title='bbox 1062 993 1207 1056; x_wconf 91' lang='lat' dir='ltr'>locorum</span> <span class='ocrx_word' id='word_1_47' title='bbox 1232 995 1329 1076; x_wconf 88' lang='lat' dir='ltr'>atque</span> <span class='ocrx_word' id='word_1_48' title='bbox 1353 997 1478 1058; x_wconf 89' lang='lat' dir='ltr'>castro-</span> 
     </span>
     <span class='ocr_line' id='line_1_8' title="bbox 330 1079 1478 1166; baseline 0.001 -21"><span class='ocrx_word' id='word_1_49' title='bbox 330 1104 403 1145; x_wconf 89' lang='lat' dir='ltr'>rum</span> <span class='ocrx_word' id='word_1_50' title='bbox 422 1102 568 1164; x_wconf 76' lang='lat' dir='ltr'>suorum,</span> <span class='ocrx_word' id='word_1_51' title='bbox 592 1102 672 1166; x_wconf 90' lang='lat' dir='ltr'>quas</span> <span class='ocrx_word' id='word_1_52' title='bbox 691 1081 838 1166; x_wconf 87' lang='lat' dir='ltr'>singulas</span> <span class='ocrx_word' id='word_1_53' title='bbox 863 1081 1001 1164; x_wconf 77' lang='lat' dir='ltr'>scaphae</span> <span class='ocrx_word' id='word_1_54' title='bbox 1020 1079 1280 1145; x_wconf 85' lang='lat' dir='ltr'>adversariorum</span> <span class='ocrx_word' id='word_1_55' title='bbox 1303 1082 1478 1165; x_wconf 89' lang='lat' dir='ltr'>conplures</span> 
     </span>
     <span class='ocr_line' id='line_1_9' title="bbox 295 1169 1479 1254; baseline 0 -19"><span class='ocrx_word' id='word_1_56' title='bbox 295 1171 464 1241; x_wconf 79' lang='lat' dir='ltr'>redortaa</span> <span class='ocrx_word' id='word_1_57' title='bbox 496 1169 713 1234; x_wconf 88' lang='lat' dir='ltr'>incendebant</span> <span class='ocrx_word' id='word_1_58' title='bbox 745 1173 842 1254; x_wconf 91' lang='lat' dir='ltr'>atque</span> <span class='ocrx_word' id='word_1_59' title='bbox 875 1169 1114 1254; x_wconf 84' lang='lat' dir='ltr'>expugnabant.</span> <span class='ocrx_word' id='word_1_60' title='bbox 1169 1169 1239 1234; x_wconf 90' lang='lat' dir='ltr'>Hae</span> <span class='ocrx_word' id='word_1_61' title='bbox 1267 1171 1479 1235; x_wconf 87' lang='lat' dir='ltr'>renuntiata</span> 
     </span>
     <span class='ocr_line' id='line_1_10' title="bbox 331 1258 1477 1344; baseline 0 -20"><span class='ocrx_word' id='word_1_62' title='bbox 331 1258 453 1324; x_wconf 77' lang='lat' dir='ltr'>Caesar</span> <span class='ocrx_word' id='word_1_63' title='bbox 471 1258 590 1323; x_wconf 85' lang='lat' dir='ltr'>classes</span> <span class='ocrx_word' id='word_1_64' title='bbox 610 1259 730 1324; x_wconf 88' lang='lat' dir='ltr'>circum</span> <span class='ocrx_word' id='word_1_65' title='bbox 749 1258 873 1323; x_wconf 90' lang='lat' dir='ltr'>insulas</span> <span class='ocrx_word' id='word_1_66' title='bbox 897 1263 1075 1342; x_wconf 88' lang='lat' dir='ltr'>portusque</span> <span class='ocrx_word' id='word_1_67' title='bbox 1099 1258 1256 1342; x_wconf 84' lang='lat' dir='ltr'>disponit,</span> <span class='ocrx_word' id='word_1_68' title='bbox 1284 1281 1347 1344; x_wconf 91' lang='lat' dir='ltr'>quo</span> <span class='ocrx_word' id='word_1_69' title='bbox 1371 1260 1477 1324; x_wconf 92' lang='lat' dir='ltr'>tutius</span> 
     </span>
    </p>

    <p class='ocr_par' dir='ltr' id='par_1_4' title="bbox 330 1347 1585 1440">
     <span class='ocr_line' id='line_1_11' title="bbox 330 1347 1585 1440; baseline 0.003 -27"><span class='ocrx_word' id='word_1_70' title='bbox 330 1351 530 1440; x_wconf 78' lang='lat' dir='ltr'>commeatus</span> <span class='ocrx_word' id='word_1_71' title='bbox 555 1347 740 1430; x_wconf 87' lang='lat' dir='ltr'>subportari</span> <span class='ocrx_word' id='word_1_72' title='bbox 763 1348 878 1432; x_wconf 80' lang='lat' dir='ltr'>possit.</span> <span class='ocrx_word' id='word_1_73' title='bbox 1204 1419 1207 1428; x_wconf 54' lang='grc'>,</span> <span class='ocrx_word' id='word_1_74' title='bbox 1498 1370 1532 1418; x_wconf 89' lang='grc' dir='ltr'>1ο</span> <span class='ocrx_word' id='word_1_75' title='bbox 1581 1381 1585 1388; x_wconf 93' lang='lat'>·</span> 
     </span>
    </p>
   </div>
   <div class='ocr_carea' id='block_1_3' title="bbox 323 1484 1478 1984">
    <p class='ocr_par' dir='ltr' id='par_1_5' title="bbox 323 1484 1478 1984">
     <span class='ocr_line' id='line_1_12' title="bbox 421 1484 1476 1555; baseline 0.001 -13"><span class='ocrx_word' id='word_1_76' title='bbox 421 1495 434 1542; x_wconf 96' lang='lat'>1</span> <span class='ocrx_word' id='word_1_77' title='bbox 460 1488 488 1543; x_wconf 87' lang='grc'>67</span> <span class='ocrx_word' id='word_1_78' title='bbox 505 1503 556 1542; x_wconf 85' lang='lat' dir='ltr'>om.</span> <span class='ocrx_word' id='word_1_79' title='bbox 576 1487 657 1555; x_wconf 67' lang='grc'>17112</span> <span class='ocrx_word' id='word_1_80' title='bbox 676 1485 812 1540; x_wconf 83' lang='lat' dir='ltr'>*circuire</span> <span class='ocrx_word' id='word_1_81' title='bbox 832 1484 934 1541; x_wconf 85' lang='lat' dir='ltr'>cotidie</span> <span class='ocrx_word' id='word_1_82' title='bbox 954 1487 997 1555; x_wconf 83' lang='lat' dir='ltr'>A‚·</span> <span class='ocrx_word' id='word_1_83' title='bbox 1015 1486 1161 1541; x_wconf 85' lang='lat' dir='ltr'>circumire</span> <span class='ocrx_word' id='word_1_84' title='bbox 1180 1485 1297 1542; x_wconf 89' lang='lat' dir='ltr'>cottidie</span> <span class='ocrx_word' id='word_1_85' title='bbox 1320 1487 1361 1552; x_wconf 90' lang='lat' dir='ltr'>L;</span> <span class='ocrx_word' id='word_1_86' title='bbox 1381 1491 1435 1542; x_wconf 84' lang='lat' dir='ltr'>cot.</span> <span class='ocrx_word' id='word_1_87' title='bbox 1452 1505 1476 1543; x_wconf 89' lang='lat' dir='ltr'>c.</span> 
     </span>
     <span class='ocr_line' id='line_1_13' title="bbox 328 1557 1476 1631; baseline -0.002 -17"><span class='ocrx_word' id='word_1_88' title='bbox 328 1560 356 1614; x_wconf 83' lang='lat' dir='ltr'><em>R</em></span> <span class='ocrx_word' id='word_1_89' title='bbox 370 1563 380 1630; x_wconf 93' lang='lat' dir='ltr'>l</span> <span class='ocrx_word' id='word_1_90' title='bbox 397 1558 555 1629; x_wconf 86' lang='lat' dir='ltr'>*altemas]</span> <span class='ocrx_word' id='word_1_91' title='bbox 575 1559 699 1612; x_wconf 88' lang='lat' dir='ltr'>adterras</span> <span class='ocrx_word' id='word_1_92' title='bbox 718 1558 760 1621; x_wconf 92' lang='lat' dir='ltr'>A;</span> <span class='ocrx_word' id='word_1_93' title='bbox 779 1557 929 1612; x_wconf 74' lang='lat' dir='ltr'>alterasli</span> <span class='ocrx_word' id='word_1_94' title='bbox 942 1559 952 1626; x_wconf 75' lang='lat' dir='ltr'>ss</span> <span class='ocrx_word' id='word_1_95' title='bbox 966 1557 1088 1612; x_wconf 86' lang='lat' dir='ltr'>cohortis</span> <span class='ocrx_word' id='word_1_96' title='bbox 1111 1558 1140 1612; x_wconf 94' lang='lat' dir='ltr'><em>P</em></span> <span class='ocrx_word' id='word_1_97' title='bbox 1154 1564 1186 1612; x_wconf 80' lang='lat' dir='ltr'>at</span> <span class='ocrx_word' id='word_1_98' title='bbox 1203 1559 1312 1613; x_wconf 80' lang='lat' dir='ltr'>uidetur</span> <span class='ocrx_word' id='word_1_99' title='bbox 1330 1564 1357 1614; x_wconf 87' lang='lat' dir='ltr'>et</span> <span class='ocrx_word' id='word_1_100' title='bbox 1375 1561 1451 1613; x_wconf 83' lang='lat' dir='ltr'>editt.</span> <span class='ocrx_word' id='word_1_101' title='bbox 1467 1558 1476 1631; x_wconf 73' lang='lat' dir='ltr'>ll</span> 
     </span>
     <span class='ocr_line' id='line_1_14' title="bbox 329 1627 1477 1754; baseline -0.002 -69"><span class='ocrx_word' id='word_1_102' title='bbox 329 1639 346 1685; x_wconf 85' lang='lat'>4</span> <span class='ocrx_word' id='word_1_103' title='bbox 369 1649 499 1685; x_wconf 89' lang='lat' dir='ltr'>numerus</span> <span class='ocrx_word' id='word_1_104' title='bbox 522 1628 659 1683; x_wconf 83' lang='lat' dir='ltr'>maximus</span> <span class='ocrx_word' id='word_1_105' title='bbox 684 1629 711 1682; x_wconf 84' lang='lat' dir='ltr'><strong><em>A</em></strong></span> <span class='ocrx_word' id='word_1_106' title='bbox 742 1629 752 1697; x_wconf 87' lang='grc' dir='ltr'>ΙΙ</span> <span class='ocrx_word' id='word_1_107' title='bbox 783 1627 971 1754; x_wconf 55' lang='grc'>*[7761737767]</span> <span class='ocrx_word' id='word_1_108' title='bbox 993 1645 1043 1684; x_wconf 80' lang='lat' dir='ltr'>orn.</span> <span class='ocrx_word' id='word_1_109' title='bbox 1068 1630 1096 1683; x_wconf 92' lang='lat' dir='ltr'><strong><em>A</em></strong></span> <span class='ocrx_word' id='word_1_110' title='bbox 1126 1629 1136 1697; x_wconf 77' lang='lat' dir='ltr'>l</span> <span class='ocrx_word' id='word_1_111' title='bbox 1169 1635 1184 1683; x_wconf 89' lang='grc'><strong>6</strong></span> <span class='ocrx_word' id='word_1_112' title='bbox 1207 1629 1380 1684; x_wconf 83' lang='lat' dir='ltr'>vacabantur</span> <span class='ocrx_word' id='word_1_113' title='bbox 1402 1629 1477 1698; x_wconf 89' lang='lat' dir='ltr'>PV;</span> 
     </span>
     <span class='ocr_line' id='line_1_15' title="bbox 328 1699 1477 1772; baseline -0.001 -16"><span class='ocrx_word' id='word_1_114' title='bbox 328 1702 470 1756; x_wconf 87' lang='lat' dir='ltr'>vacabant</span> <span class='ocrx_word' id='word_1_115' title='bbox 493 1701 521 1756; x_wconf 86' lang='lat' dir='ltr'><strong><em>A</em></strong></span> <span class='ocrx_word' id='word_1_116' title='bbox 554 1703 563 1772; x_wconf 82' lang='grc' dir='ltr'>ΙΙ</span> <span class='ocrx_word' id='word_1_117' title='bbox 596 1699 769 1770; x_wconf 75' lang='lat' dir='ltr'>isiugulas]</span> <span class='ocrx_word' id='word_1_118' title='bbox 792 1700 920 1769; x_wconf 88' lang='lat' dir='ltr'>smgulae</span> <span class='ocrx_word' id='word_1_119' title='bbox 976 1700 1038 1753; x_wconf 91' lang='lat' dir='ltr'>LP</span> <span class='ocrx_word' id='word_1_120' title='bbox 1049 1700 1086 1768; x_wconf 91' lang='lat' dir='ltr'>V,</span> <span class='ocrx_word' id='word_1_121' title='bbox 1114 1701 1171 1755; x_wconf 80' lang='lat' dir='ltr'>nisi</span> <span class='ocrx_word' id='word_1_122' title='bbox 1188 1702 1261 1769; x_wconf 79' lang='lat' dir='ltr'>quod</span> <span class='ocrx_word' id='word_1_123' title='bbox 1282 1702 1314 1754; x_wconf 80' lang='lat' dir='ltr'>in</span> <span class='ocrx_word' id='word_1_124' title='bbox 1331 1701 1359 1754; x_wconf 87' lang='lat' dir='ltr'><strong><em>L</em></strong></span> <span class='ocrx_word' id='word_1_125' title='bbox 1383 1702 1477 1756; x_wconf 81' lang='lat' dir='ltr'>littera</span> 
     </span>
     <span class='ocr_line' id='line_1_16' title="bbox 323 1770 1477 1844; baseline -0.003 -16"><span class='ocrx_word' id='word_1_126' title='bbox 323 1780 388 1842; x_wconf 80' lang='lat' dir='ltr'>poet</span> <span class='ocrx_word' id='word_1_127' title='bbox 416 1772 543 1842; x_wconf 82' lang='lat' dir='ltr'>singulae</span> <span class='ocrx_word' id='word_1_128' title='bbox 571 1789 651 1828; x_wconf 79' lang='grc'>67676</span> <span class='ocrx_word' id='word_1_129' title='bbox 675 1777 714 1826; x_wconf 76' lang='lat' dir='ltr'>est</span> <span class='ocrx_word' id='word_1_130' title='bbox 744 1773 754 1838; x_wconf 74' lang='lat' dir='ltr'>l</span> <span class='ocrx_word' id='word_1_131' title='bbox 785 1776 802 1824; x_wconf 91' lang='lat'>8</span> <span class='ocrx_word' id='word_1_132' title='bbox 829 1771 1016 1826; x_wconf 85' lang='lat' dir='ltr'>incendebant</span> <span class='ocrx_word' id='word_1_133' title='bbox 1047 1789 1115 1836; x_wconf 85' lang='lat' dir='ltr'>ree.;</span> <span class='ocrx_word' id='word_1_134' title='bbox 1143 1771 1325 1825; x_wconf 87' lang='lat' dir='ltr'>incenderant</span> <span class='ocrx_word' id='word_1_135' title='bbox 1352 1770 1447 1824; x_wconf 91' lang='lat' dir='ltr'>ALP</span> <span class='ocrx_word' id='word_1_136' title='bbox 1467 1771 1477 1844; x_wconf 73' lang='lat' dir='ltr'>ll</span> 
     </span>
     <span class='ocr_line' id='line_1_17' title="bbox 328 1841 1478 1912; baseline -0.002 -14"><span class='ocrx_word' id='word_1_137' title='bbox 328 1851 343 1898; x_wconf 96' lang='grc'>9</span> <span class='ocrx_word' id='word_1_138' title='bbox 365 1843 466 1898; x_wconf 81' lang='lat' dir='ltr'>Caesar</span> <span class='ocrx_word' id='word_1_139' title='bbox 485 1843 621 1912; x_wconf 68' lang='lat' dir='ltr'>Scaliger:</span> <span class='ocrx_word' id='word_1_140' title='bbox 641 1843 753 1897; x_wconf 82' lang='lat' dir='ltr'>Caesari</span> <span class='ocrx_word' id='word_1_141' title='bbox 770 1841 917 1911; x_wconf 82' lang='lat' dir='ltr'>Opruetcr</span> <span class='ocrx_word' id='word_1_142' title='bbox 930 1844 973 1909; x_wconf 91' lang='lat' dir='ltr'>D,</span> <span class='ocrx_word' id='word_1_143' title='bbox 991 1844 1041 1912; x_wconf 78' lang='lat' dir='ltr'>qui</span> <span class='ocrx_word' id='word_1_144' title='bbox 1058 1843 1167 1898; x_wconf 66' lang='lat' dir='ltr'>cabum</span> <span class='ocrx_word' id='word_1_145' title='bbox 1187 1843 1310 1911; x_wconf 75' lang='lat' dir='ltr'>omittitl]</span> <span class='ocrx_word' id='word_1_146' title='bbox 1328 1841 1478 1912; x_wconf 85' lang='lat' dir='ltr'>*disponit</span> 
     </span>
     <span class='ocr_line' id='line_1_18' title="bbox 327 1911 1296 1984; baseline -0.001 -17"><span class='ocrx_word' id='word_1_147' title='bbox 327 1916 369 1980; x_wconf 84' lang='lat' dir='ltr'>L‚·</span> <span class='ocrx_word' id='word_1_148' title='bbox 387 1914 528 1984; x_wconf 87' lang='lat' dir='ltr'>disposuit</span> <span class='ocrx_word' id='word_1_149' title='bbox 545 1914 572 1967; x_wconf 86' lang='lat' dir='ltr'><em>R</em></span> <span class='ocrx_word' id='word_1_150' title='bbox 594 1917 605 1984; x_wconf 70' lang='grc' dir='ltr'>Ι</span> <span class='ocrx_word' id='word_1_151' title='bbox 629 1921 661 1968; x_wconf 89' lang='grc'>10</span> <span class='ocrx_word' id='word_1_152' title='bbox 681 1911 852 1982; x_wconf 88' lang='lat' dir='ltr'>comportari</span> <span class='ocrx_word' id='word_1_153' title='bbox 869 1913 929 1967; x_wconf 83' lang='lat' dir='ltr'>AL</span> <span class='ocrx_word' id='word_1_154' title='bbox 952 1917 962 1984; x_wconf 72' lang='lat' dir='ltr'>fl</span> <span class='ocrx_word' id='word_1_155' title='bbox 984 1915 1074 1984; x_wconf 89' lang='lat' dir='ltr'>possit</span> <span class='ocrx_word' id='word_1_156' title='bbox 1092 1915 1118 1968; x_wconf 91' lang='lat' dir='ltr'><strong><em>L</em></strong></span> <span class='ocrx_word' id='word_1_157' title='bbox 1123 1936 1135 1983; x_wconf 90' lang='lat'><em>;</em></span> <span class='ocrx_word' id='word_1_158' title='bbox 1152 1916 1250 1983; x_wconf 88' lang='lat' dir='ltr'>posset</span> <span class='ocrx_word' id='word_1_159' title='bbox 1268 1913 1296 1966; x_wconf 83' lang='lat' dir='ltr'><em>R</em></span> 
     </span>
    </p>
   </div>
   <div class='ocr_carea' id='block_1_4' title="bbox 324 2071 1477 4566">
    <p class='ocr_par' dir='ltr' id='par_1_6' title="bbox 324 2071 1477 4566">
     <span class='ocr_line' id='line_1_19' title="bbox 418 2071 1477 2143; baseline 0.003 -18"><span class='ocrx_word' id='word_1_160' title='bbox 418 2079 433 2125; x_wconf 92' lang='lat'>1</span> <span class='ocrx_word' id='word_1_161' title='bbox 460 2072 640 2143; x_wconf 71' lang='lat' dir='ltr'>resperserat]</span> <span class='ocrx_word' id='word_1_162' title='bbox 667 2079 714 2140; x_wconf 84' lang='lat'>20,</span> <span class='ocrx_word' id='word_1_163' title='bbox 738 2079 764 2128; x_wconf 90' lang='grc'>3.</span> <span class='ocrx_word' id='word_1_164' title='bbox 792 2078 839 2139; x_wconf 87' lang='grc'>87,</span> <span class='ocrx_word' id='word_1_165' title='bbox 859 2079 884 2127; x_wconf 93' lang='grc'>2.</span> <span class='ocrx_word' id='word_1_166' title='bbox 913 2079 960 2140; x_wconf 93' lang='grc'>91,</span> <span class='ocrx_word' id='word_1_167' title='bbox 980 2079 1009 2138; x_wconf 79' lang='grc'>2;</span> <span class='ocrx_word' id='word_1_168' title='bbox 1038 2071 1141 2127; x_wconf 78' lang='lat' dir='ltr'>Caesar</span> <span class='ocrx_word' id='word_1_169' title='bbox 1165 2073 1251 2128; x_wconf 88' lang='lat' dir='ltr'>verbo</span> <span class='ocrx_word' id='word_1_170' title='bbox 1280 2075 1477 2143; x_wconf 88' lang='lat' dir='ltr'>comportandi</span> 
     </span>
     <span class='ocr_line' id='line_1_20' title="bbox 327 2143 1475 2214; baseline 0.002 -15"><span class='ocrx_word' id='word_1_171' title='bbox 327 2145 417 2199; x_wconf 90' lang='lat' dir='ltr'>utitur</span> <span class='ocrx_word' id='word_1_172' title='bbox 436 2147 547 2214; x_wconf 87' lang='lat' dir='ltr'>praeter</span> <span class='ocrx_word' id='word_1_173' title='bbox 565 2143 592 2197; x_wconf 92' lang='lat' dir='ltr'>II</span> <span class='ocrx_word' id='word_1_174' title='bbox 611 2151 654 2212; x_wconf 91' lang='grc'>37,</span> <span class='ocrx_word' id='word_1_175' title='bbox 675 2151 699 2200; x_wconf 78' lang='lat'>5.</span> <span class='ocrx_word' id='word_1_176' title='bbox 718 2175 753 2183; x_wconf 98' lang='lat'><em>-</em></span> <span class='ocrx_word' id='word_1_177' title='bbox 773 2149 789 2196; x_wconf 97' lang='grc'>2</span> <span class='ocrx_word' id='word_1_178' title='bbox 808 2143 941 2214; x_wconf 81' lang='lat' dir='ltr'>alternos]</span> <span class='ocrx_word' id='word_1_179' title='bbox 962 2143 1107 2198; x_wconf 90' lang='lat' dir='ltr'>dimidiam</span> <span class='ocrx_word' id='word_1_180' title='bbox 1126 2146 1236 2214; x_wconf 84' lang='lat' dir='ltr'>partem</span> <span class='ocrx_word' id='word_1_181' title='bbox 1255 2145 1421 2212; x_wconf 85' lang='lat' dir='ltr'>cohortium,</span> <span class='ocrx_word' id='word_1_182' title='bbox 1442 2150 1475 2202; x_wconf 90' lang='lat' dir='ltr'>ut</span> 
     </span>
     <span class='ocr_line' id='line_1_21' title="bbox 330 2214 1474 2286; baseline 0 -16"><span class='ocrx_word' id='word_1_183' title='bbox 330 2222 407 2286; x_wconf 91' lang='grc'>17,1.</span> <span class='ocrx_word' id='word_1_184' title='bbox 430 2215 555 2270; x_wconf 89' lang='lat' dir='ltr'>Primum</span> <span class='ocrx_word' id='word_1_185' title='bbox 569 2217 663 2270; x_wconf 88' lang='lat' dir='ltr'>autem</span> <span class='ocrx_word' id='word_1_186' title='bbox 674 2214 836 2282; x_wconf 88' lang='lat' dir='ltr'>tenendum,</span> <span class='ocrx_word' id='word_1_187' title='bbox 851 2214 881 2268; x_wconf 92' lang='lat' dir='ltr'>in</span> <span class='ocrx_word' id='word_1_188' title='bbox 891 2214 1014 2270; x_wconf 88' lang='lat' dir='ltr'>statione</span> <span class='ocrx_word' id='word_1_189' title='bbox 1029 2215 1136 2270; x_wconf 90' lang='lat' dir='ltr'>dictum</span> <span class='ocrx_word' id='word_1_190' title='bbox 1151 2233 1212 2270; x_wconf 88' lang='lat' dir='ltr'>esse</span> <span class='ocrx_word' id='word_1_191' title='bbox 1223 2233 1306 2271; x_wconf 90' lang='lat' dir='ltr'>seusu</span> <span class='ocrx_word' id='word_1_192' title='bbox 1316 2216 1474 2286; x_wconf 75' lang='lat' dir='ltr'>collectim,</span> 
     </span>
     <span class='ocr_line' id='line_1_22' title="bbox 328 2285 1474 2356; baseline 0.002 -15"><span class='ocrx_word' id='word_1_193' title='bbox 328 2291 360 2342; x_wconf 93' lang='lat' dir='ltr'>ut</span> <span class='ocrx_word' id='word_1_194' title='bbox 379 2305 490 2356; x_wconf 91' lang='lat' dir='ltr'>omnes,</span> <span class='ocrx_word' id='word_1_195' title='bbox 509 2305 581 2356; x_wconf 87' lang='lat' dir='ltr'>quae</span> <span class='ocrx_word' id='word_1_196' title='bbox 595 2304 647 2356; x_wconf 91' lang='lat' dir='ltr'>pro</span> <span class='ocrx_word' id='word_1_197' title='bbox 663 2287 762 2340; x_wconf 86' lang='lat' dir='ltr'>eastris</span> <span class='ocrx_word' id='word_1_198' title='bbox 777 2289 877 2355; x_wconf 85' lang='lat' dir='ltr'>agant,</span> <span class='ocrx_word' id='word_1_199' title='bbox 896 2285 1104 2356; x_wconf 86' lang='lat' dir='ltr'>intellegendae</span> <span class='ocrx_word' id='word_1_200' title='bbox 1119 2287 1176 2340; x_wconf 88' lang='lat' dir='ltr'>sint</span> <span class='ocrx_word' id='word_1_201' title='bbox 1189 2288 1332 2355; x_wconf 88' lang='lat' dir='ltr'>cohortes,</span> <span class='ocrx_word' id='word_1_202' title='bbox 1352 2290 1384 2340; x_wconf 92' lang='lat' dir='ltr'>ut</span> <span class='ocrx_word' id='word_1_203' title='bbox 1398 2293 1443 2356; x_wconf 85' lang='lat'>38,</span> <span class='ocrx_word' id='word_1_204' title='bbox 1458 2296 1474 2342; x_wconf 92' lang='grc'>3</span> 
     </span>
     <span class='ocr_line' id='line_1_23' title="bbox 328 2355 1475 2428; baseline 0 -15"><span class='ocrx_word' id='word_1_205' title='bbox 328 2358 457 2428; x_wconf 90' lang='lat' dir='ltr'>equitatu</span> <span class='ocrx_word' id='word_1_206' title='bbox 474 2358 505 2411; x_wconf 91' lang='lat' dir='ltr'>in</span> <span class='ocrx_word' id='word_1_207' title='bbox 524 2359 645 2412; x_wconf 88' lang='lat' dir='ltr'>statione</span> <span class='ocrx_word' id='word_1_208' title='bbox 661 2356 805 2426; x_wconf 88' lang='lat' dir='ltr'>disposito.</span> <span class='ocrx_word' id='word_1_209' title='bbox 839 2355 917 2412; x_wconf 81' lang='lat' dir='ltr'>Caes.</span> <span class='ocrx_word' id='word_1_210' title='bbox 937 2364 962 2423; x_wconf 84' lang='lat'>4,</span> <span class='ocrx_word' id='word_1_211' title='bbox 978 2364 1051 2425; x_wconf 88' lang='grc'>32,1</span> <span class='ocrx_word' id='word_1_212' title='bbox 1072 2357 1121 2426; x_wconf 91' lang='lat' dir='ltr'>qui</span> <span class='ocrx_word' id='word_1_213' title='bbox 1139 2374 1190 2427; x_wconf 91' lang='lat' dir='ltr'>pro</span> <span class='ocrx_word' id='word_1_214' title='bbox 1209 2359 1298 2428; x_wconf 87' lang='lat' dir='ltr'>portis</span> <span class='ocrx_word' id='word_1_215' title='bbox 1318 2361 1475 2413; x_wconf 87' lang='lat' dir='ltr'>castrorum</span> 
     </span>
     <span class='ocr_line' id='line_1_24' title="bbox 327 2427 1475 2498; baseline 0.002 -15"><span class='ocrx_word' id='word_1_216' title='bbox 327 2429 357 2483; x_wconf 92' lang='lat' dir='ltr'>in</span> <span class='ocrx_word' id='word_1_217' title='bbox 376 2431 496 2486; x_wconf 86' lang='lat' dir='ltr'>statione</span> <span class='ocrx_word' id='word_1_218' title='bbox 520 2431 613 2495; x_wconf 89' lang='lat' dir='ltr'>erant;</span> <span class='ocrx_word' id='word_1_219' title='bbox 641 2429 654 2482; x_wconf 92' lang='grc' dir='ltr'>Ι</span> <span class='ocrx_word' id='word_1_220' title='bbox 674 2435 721 2498; x_wconf 78' lang='grc'>76,</span> <span class='ocrx_word' id='word_1_221' title='bbox 740 2435 756 2482; x_wconf 94' lang='grc'>3</span> <span class='ocrx_word' id='word_1_222' title='bbox 780 2427 815 2481; x_wconf 84' lang='grc'>777</span> <span class='ocrx_word' id='word_1_223' title='bbox 839 2428 1013 2497; x_wconf 88' lang='lat' dir='ltr'>cohortibus,</span> <span class='ocrx_word' id='word_1_224' title='bbox 1042 2444 1112 2496; x_wconf 90' lang='lat' dir='ltr'>quae</span> <span class='ocrx_word' id='word_1_225' title='bbox 1137 2433 1217 2483; x_wconf 87' lang='lat' dir='ltr'>eraut</span> <span class='ocrx_word' id='word_1_226' title='bbox 1240 2427 1270 2481; x_wconf 94' lang='lat' dir='ltr'>in</span> <span class='ocrx_word' id='word_1_227' title='bbox 1294 2430 1417 2484; x_wconf 88' lang='lat' dir='ltr'>statione</span> <span class='ocrx_word' id='word_1_228' title='bbox 1437 2431 1475 2485; x_wconf 91' lang='lat' dir='ltr'>ad</span> 
     </span>
     <span class='ocr_line' id='line_1_25' title="bbox 327 2498 1474 2571; baseline -0.002 -15"><span class='ocrx_word' id='word_1_229' title='bbox 327 2503 432 2571; x_wconf 85' lang='lat' dir='ltr'>portas.</span> <span class='ocrx_word' id='word_1_230' title='bbox 474 2501 594 2556; x_wconf 87' lang='lat' dir='ltr'>Accedit</span> <span class='ocrx_word' id='word_1_231' title='bbox 616 2501 691 2569; x_wconf 91' lang='lat' dir='ltr'>quod</span> <span class='ocrx_word' id='word_1_232' title='bbox 717 2498 769 2552; x_wconf 83' lang='lat' dir='ltr'>‘ad</span> <span class='ocrx_word' id='word_1_233' title='bbox 794 2503 887 2553; x_wconf 85' lang='lat' dir='ltr'>ternas</span> <span class='ocrx_word' id='word_1_234' title='bbox 914 2501 1058 2555; x_wconf 88' lang='lat' dir='ltr'>cohortcs&#39;</span> <span class='ocrx_word' id='word_1_235' title='bbox 1087 2499 1140 2569; x_wconf 91' lang='lat' dir='ltr'>(ita</span> <span class='ocrx_word' id='word_1_236' title='bbox 1163 2500 1237 2554; x_wconf 90' lang='lat' dir='ltr'>enim</span> <span class='ocrx_word' id='word_1_237' title='bbox 1261 2501 1345 2570; x_wconf 87' lang='lat' dir='ltr'>vulgo</span> <span class='ocrx_word' id='word_1_238' title='bbox 1372 2502 1474 2570; x_wconf 88' lang='lat' dir='ltr'>editur,</span> 
     </span>
     <span class='ocr_line' id='line_1_26' title="bbox 327 2571 1472 2642; baseline -0.001 -15"><span class='ocrx_word' id='word_1_239' title='bbox 327 2575 402 2641; x_wconf 87' lang='lat' dir='ltr'>quod</span> <span class='ocrx_word' id='word_1_240' title='bbox 428 2573 534 2627; x_wconf 89' lang='lat' dir='ltr'>dictum</span> <span class='ocrx_word' id='word_1_241' title='bbox 562 2589 622 2627; x_wconf 89' lang='lat' dir='ltr'>esse</span> <span class='ocrx_word' id='word_1_242' title='bbox 649 2572 752 2642; x_wconf 89' lang='lat' dir='ltr'>putant</span> <span class='ocrx_word' id='word_1_243' title='bbox 775 2587 826 2640; x_wconf 89' lang='lat' dir='ltr'>pro</span> <span class='ocrx_word' id='word_1_244' title='bbox 851 2571 903 2624; x_wconf 79' lang='lat' dir='ltr'>‘ad</span> <span class='ocrx_word' id='word_1_245' title='bbox 921 2571 979 2626; x_wconf 87' lang='lat' dir='ltr'>tres</span> <span class='ocrx_word' id='word_1_246' title='bbox 998 2571 1155 2640; x_wconf 89' lang='lat' dir='ltr'>eohortes’)</span> <span class='ocrx_word' id='word_1_247' title='bbox 1180 2572 1287 2641; x_wconf 86' lang='lat' dir='ltr'>pugnat</span> <span class='ocrx_word' id='word_1_248' title='bbox 1310 2589 1372 2625; x_wconf 91' lang='lat' dir='ltr'>cum</span> <span class='ocrx_word' id='word_1_249' title='bbox 1392 2579 1472 2640; x_wconf 84' lang='lat'>81,1</span> 
     </span>
     <span class='ocr_line' id='line_1_27' title="bbox 327 2643 1473 2714; baseline -0.001 -16"><span class='ocrx_word' id='word_1_250' title='bbox 327 2643 420 2714; x_wconf 87' lang='lat' dir='ltr'>quinis</span> <span class='ocrx_word' id='word_1_251' title='bbox 439 2643 601 2698; x_wconf 88' lang='lat' dir='ltr'>cohortibus</span> <span class='ocrx_word' id='word_1_252' title='bbox 620 2643 657 2697; x_wconf 89' lang='lat' dir='ltr'>ad</span> <span class='ocrx_word' id='word_1_253' title='bbox 675 2643 738 2712; x_wconf 87' lang='lat' dir='ltr'>ipsa</span> <span class='ocrx_word' id='word_1_254' title='bbox 756 2658 862 2696; x_wconf 86' lang='lat' dir='ltr'>cornua</span> <span class='ocrx_word' id='word_1_255' title='bbox 880 2645 925 2711; x_wconf 87' lang='lat'>(=</span> <span class='ocrx_word' id='word_1_256' title='bbox 944 2643 973 2696; x_wconf 92' lang='lat' dir='ltr'>in</span> <span class='ocrx_word' id='word_1_257' title='bbox 992 2645 1109 2711; x_wconf 81' lang='lat' dir='ltr'>utroque</span> <span class='ocrx_word' id='word_1_258' title='bbox 1129 2645 1225 2712; x_wconf 90' lang='lat' dir='ltr'>cornu)</span> <span class='ocrx_word' id='word_1_259' title='bbox 1244 2643 1404 2709; x_wconf 90' lang='lat' dir='ltr'>collocatis,</span> <span class='ocrx_word' id='word_1_260' title='bbox 1423 2645 1473 2698; x_wconf 93' lang='lat' dir='ltr'>ubi</span> 
     </span>
     <span class='ocr_line' id='line_1_28' title="bbox 327 2712 1472 2784; baseline -0.001 -15"><span class='ocrx_word' id='word_1_261' title='bbox 327 2713 507 2769; x_wconf 85' lang='lat' dir='ltr'>distributiva</span> <span class='ocrx_word' id='word_1_262' title='bbox 530 2714 660 2770; x_wconf 81' lang='lat' dir='ltr'>vocabuli</span> <span class='ocrx_word' id='word_1_263' title='bbox 684 2713 727 2767; x_wconf 81' lang='lat' dir='ltr'>ris</span> <span class='ocrx_word' id='word_1_264' title='bbox 752 2716 885 2768; x_wconf 89' lang='lat' dir='ltr'>servatur.</span> <span class='ocrx_word' id='word_1_265' title='bbox 922 2712 1049 2784; x_wconf 88' lang='lat' dir='ltr'>Denique</span> <span class='ocrx_word' id='word_1_266' title='bbox 1073 2714 1147 2782; x_wconf 89' lang='lat' dir='ltr'>apud</span> <span class='ocrx_word' id='word_1_267' title='bbox 1172 2714 1332 2782; x_wconf 81' lang='lat' dir='ltr'>Caesarem,</span> <span class='ocrx_word' id='word_1_268' title='bbox 1360 2713 1472 2769; x_wconf 89' lang='lat' dir='ltr'>Livium</span> 
     </span>
     <span class='ocr_line' id='line_1_29' title="bbox 327 2783 1472 2854; baseline 0.001 -15"><span class='ocrx_word' id='word_1_269' title='bbox 327 2787 398 2840; x_wconf 89' lang='lat' dir='ltr'>alios</span> <span class='ocrx_word' id='word_1_270' title='bbox 418 2785 485 2838; x_wconf 90' lang='lat' dir='ltr'>trini</span> <span class='ocrx_word' id='word_1_271' title='bbox 504 2786 635 2839; x_wconf 84' lang='lat' dir='ltr'>dicuntur</span> <span class='ocrx_word' id='word_1_272' title='bbox 653 2785 767 2854; x_wconf 90' lang='lat' dir='ltr'>quidem</span> <span class='ocrx_word' id='word_1_273' title='bbox 787 2801 836 2854; x_wconf 88' lang='lat' dir='ltr'>pro</span> <span class='ocrx_word' id='word_1_274' title='bbox 855 2801 970 2839; x_wconf 90' lang='lat' dir='ltr'>numero</span> <span class='ocrx_word' id='word_1_275' title='bbox 989 2783 1137 2852; x_wconf 87' lang='lat' dir='ltr'>cardinali,</span> <span class='ocrx_word' id='word_1_276' title='bbox 1158 2801 1213 2838; x_wconf 90' lang='lat' dir='ltr'>non</span> <span class='ocrx_word' id='word_1_277' title='bbox 1232 2785 1301 2840; x_wconf 90' lang='lat' dir='ltr'>item</span> <span class='ocrx_word' id='word_1_278' title='bbox 1320 2786 1401 2840; x_wconf 86' lang='lat' dir='ltr'>terni.</span> <span class='ocrx_word' id='word_1_279' title='bbox 1429 2785 1472 2840; x_wconf 86' lang='lat' dir='ltr'>Cf.</span> 
     </span>
     <span class='ocr_line' id='line_1_30' title="bbox 326 2854 1472 2927; baseline 0.003 -18"><span class='ocrx_word' id='word_1_280' title='bbox 326 2856 405 2911; x_wconf 86' lang='lat' dir='ltr'>Neue</span> <span class='ocrx_word' id='word_1_281' title='bbox 423 2855 463 2908; x_wconf 80' lang='lat'>11²</span> <span class='ocrx_word' id='word_1_282' title='bbox 483 2862 542 2911; x_wconf 83' lang='grc'>166.</span> <span class='ocrx_word' id='word_1_283' title='bbox 571 2856 644 2923; x_wconf 82' lang='lat' dir='ltr'>(Nisi</span> <span class='ocrx_word' id='word_1_284' title='bbox 662 2857 734 2910; x_wconf 86' lang='lat' dir='ltr'>forte</span> <span class='ocrx_word' id='word_1_285' title='bbox 753 2855 863 2910; x_wconf 87' lang='lat' dir='ltr'>Asinius</span> <span class='ocrx_word' id='word_1_286' title='bbox 878 2860 971 2911; x_wconf 85' lang='lat' dir='ltr'>ternas</span> <span class='ocrx_word' id='word_1_287' title='bbox 986 2858 1114 2911; x_wconf 89' lang='lat' dir='ltr'>cohortes</span> <span class='ocrx_word' id='word_1_288' title='bbox 1128 2856 1251 2927; x_wconf 88' lang='lat' dir='ltr'>scripsit,</span> <span class='ocrx_word' id='word_1_289' title='bbox 1270 2854 1338 2925; x_wconf 86' lang='lat' dir='ltr'>quia</span> <span class='ocrx_word' id='word_1_290' title='bbox 1352 2855 1472 2926; x_wconf 86' lang='lat' dir='ltr'>siugulis</span> 
     </span>
     <span class='ocr_line' id='line_1_31' title="bbox 326 2926 1472 2997; baseline 0.002 -17"><span class='ocrx_word' id='word_1_291' title='bbox 326 2927 424 2981; x_wconf 87' lang='lat' dir='ltr'>diebus</span> <span class='ocrx_word' id='word_1_292' title='bbox 444 2928 473 2980; x_wconf 90' lang='lat' dir='ltr'>et</span> <span class='ocrx_word' id='word_1_293' title='bbox 491 2926 667 2980; x_wconf 88' lang='lat' dir='ltr'>deducuntur</span> <span class='ocrx_word' id='word_1_294' title='bbox 680 2927 807 2980; x_wconf 83' lang='lat' dir='ltr'>statione</span> <span class='ocrx_word' id='word_1_295' title='bbox 826 2930 855 2981; x_wconf 93' lang='grc'>67</span> <span class='ocrx_word' id='word_1_296' title='bbox 872 2943 963 2982; x_wconf 90' lang='lat' dir='ltr'>novae</span> <span class='ocrx_word' id='word_1_297' title='bbox 981 2927 1011 2981; x_wconf 93' lang='lat' dir='ltr'>in</span> <span class='ocrx_word' id='word_1_298' title='bbox 1029 2945 1126 2982; x_wconf 88' lang='lat' dir='ltr'>eorum</span> <span class='ocrx_word' id='word_1_299' title='bbox 1141 2926 1234 2982; x_wconf 92' lang='lat' dir='ltr'>locum</span> <span class='ocrx_word' id='word_1_300' title='bbox 1250 2926 1422 2997; x_wconf 90' lang='lat' dir='ltr'>succedunt.)</span> <span class='ocrx_word' id='word_1_301' title='bbox 1438 2960 1472 2970; x_wconf 91' lang='lat'><em>-</em></span> 
     </span>
     <span class='ocr_line' id='line_1_32' title="bbox 326 2997 1472 3069; baseline 0.002 -17"><span class='ocrx_word' id='word_1_302' title='bbox 326 2997 521 3069; x_wconf 80' lang='lat' dir='ltr'>4[deliputoa]</span> <span class='ocrx_word' id='word_1_303' title='bbox 544 2997 600 3051; x_wconf 90' lang='lat' dir='ltr'>iam</span> <span class='ocrx_word' id='word_1_304' title='bbox 625 3000 691 3051; x_wconf 90' lang='lat' dir='ltr'>ante</span> <span class='ocrx_word' id='word_1_305' title='bbox 715 2998 857 3066; x_wconf 85' lang='lat' dir='ltr'>cognitam</span> <span class='ocrx_word' id='word_1_306' title='bbox 882 2998 987 3053; x_wconf 86' lang='lat' dir='ltr'>codicis</span> <span class='ocrx_word' id='word_1_307' title='bbox 1013 3001 1038 3052; x_wconf 92' lang='lat' dir='ltr'><strong><em>A</em></strong></span> <span class='ocrx_word' id='word_1_308' title='bbox 1064 2999 1232 3068; x_wconf 86' lang='lat' dir='ltr'>scripturam</span> <span class='ocrx_word' id='word_1_309' title='bbox 1258 2998 1401 3054; x_wconf 89' lang='lat' dir='ltr'>nonnullis</span> <span class='ocrx_word' id='word_1_310' title='bbox 1427 3017 1472 3054; x_wconf 91' lang='lat' dir='ltr'>su-</span> 
     </span>
     <span class='ocr_line' id='line_1_33' title="bbox 327 3068 1472 3139; baseline 0.003 -17"><span class='ocrx_word' id='word_1_311' title='bbox 327 3070 455 3138; x_wconf 88' lang='lat' dir='ltr'>spectum</span> <span class='ocrx_word' id='word_1_312' title='bbox 474 3069 564 3122; x_wconf 90' lang='lat' dir='ltr'>visum</span> <span class='ocrx_word' id='word_1_313' title='bbox 584 3072 640 3139; x_wconf 89' lang='lat' dir='ltr'>est,</span> <span class='ocrx_word' id='word_1_314' title='bbox 659 3068 727 3138; x_wconf 90' lang='lat' dir='ltr'>quia</span> <span class='ocrx_word' id='word_1_315' title='bbox 745 3070 838 3123; x_wconf 87' lang='lat' dir='ltr'>aetate</span> <span class='ocrx_word' id='word_1_316' title='bbox 853 3068 943 3124; x_wconf 81' lang='lat' dir='ltr'>Asinii</span> <span class='ocrx_word' id='word_1_317' title='bbox 958 3071 992 3125; x_wconf 87' lang='lat' dir='ltr'>dc</span> <span class='ocrx_word' id='word_1_318' title='bbox 1011 3087 1078 3124; x_wconf 89' lang='lat' dir='ltr'>cura</span> <span class='ocrx_word' id='word_1_319' title='bbox 1095 3071 1306 3125; x_wconf 84' lang='lat' dir='ltr'>vulneratorum</span> <span class='ocrx_word' id='word_1_320' title='bbox 1324 3070 1472 3126; x_wconf 85' lang='lat' dir='ltr'>dicebatur</span> 
     </span>
     <span class='ocr_line' id='line_1_34' title="bbox 328 3139 1470 3212; baseline 0.003 -18"><span class='ocrx_word' id='word_1_321' title='bbox 328 3139 448 3210; x_wconf 86' lang='lat' dir='ltr'>obligari</span> <span class='ocrx_word' id='word_1_322' title='bbox 467 3140 512 3195; x_wconf 89' lang='lat' dir='ltr'>vel</span> <span class='ocrx_word' id='word_1_323' title='bbox 532 3140 672 3210; x_wconf 73' lang='lat' dir='ltr'>colligari,</span> <span class='ocrx_word' id='word_1_324' title='bbox 697 3140 822 3210; x_wconf 90' lang='lat' dir='ltr'>deligare</span> <span class='ocrx_word' id='word_1_325' title='bbox 846 3142 943 3196; x_wconf 86' lang='lat' dir='ltr'>eadem</span> <span class='ocrx_word' id='word_1_326' title='bbox 967 3142 1172 3212; x_wconf 88' lang='lat' dir='ltr'>significatione</span> <span class='ocrx_word' id='word_1_327' title='bbox 1195 3140 1303 3211; x_wconf 89' lang='lat' dir='ltr'>primus</span> <span class='ocrx_word' id='word_1_328' title='bbox 1320 3159 1470 3212; x_wconf 88' lang='lat' dir='ltr'>usurpasse</span> 
     </span>
     <span class='ocr_line' id='line_1_35' title="bbox 326 3211 1470 3284; baseline 0.003 -18"><span class='ocrx_word' id='word_1_329' title='bbox 326 3211 438 3266; x_wconf 89' lang='lat' dir='ltr'>videtur</span> <span class='ocrx_word' id='word_1_330' title='bbox 465 3211 574 3278; x_wconf 82' lang='lat' dir='ltr'>Celsus3</span> <span class='ocrx_word' id='word_1_331' title='bbox 604 3215 669 3282; x_wconf 87' lang='lat' dir='ltr'>post</span> <span class='ocrx_word' id='word_1_332' title='bbox 696 3228 760 3266; x_wconf 92' lang='lat' dir='ltr'>eum</span> <span class='ocrx_word' id='word_1_333' title='bbox 790 3211 987 3278; x_wconf 85' lang='lat' dir='ltr'>Quintilianus.</span> <span class='ocrx_word' id='word_1_334' title='bbox 1018 3245 1049 3253; x_wconf 94' lang='lat'>—</span> <span class='ocrx_word' id='word_1_335' title='bbox 1086 3220 1102 3267; x_wconf 84' lang='lat' dir='ltr'>b</span> <span class='ocrx_word' id='word_1_336' title='bbox 1131 3214 1285 3284; x_wconf 68' lang='lat' dir='ltr'>cadusiae]</span> <span class='ocrx_word' id='word_1_337' title='bbox 1311 3215 1365 3266; x_wconf 92' lang='lat' dir='ltr'>hoc</span> <span class='ocrx_word' id='word_1_338' title='bbox 1393 3215 1470 3269; x_wconf 88' lang='lat' dir='ltr'>loco:</span> 
     </span>
     <span class='ocr_line' id='line_1_36' title="bbox 327 3284 1470 3354; baseline 0.003 -18"><span class='ocrx_word' id='word_1_339' title='bbox 327 3285 485 3337; x_wconf 86' lang='lat' dir='ltr'>commeatu</span> <span class='ocrx_word' id='word_1_340' title='bbox 504 3284 628 3338; x_wconf 86' lang='lat' dir='ltr'>onustae.</span> <span class='ocrx_word' id='word_1_341' title='bbox 649 3314 682 3323; x_wconf 92' lang='lat'><em>-</em></span> <span class='ocrx_word' id='word_1_342' title='bbox 707 3291 723 3338; x_wconf 85' lang='lat'><strong>6</strong></span> <span class='ocrx_word' id='word_1_343' title='bbox 742 3284 823 3354; x_wconf 85' lang='lat' dir='ltr'>male]</span> <span class='ocrx_word' id='word_1_344' title='bbox 843 3301 905 3338; x_wconf 89' lang='lat' dir='ltr'>cum</span> <span class='ocrx_word' id='word_1_345' title='bbox 925 3285 1098 3339; x_wconf 86' lang='lat' dir='ltr'>errabundae</span> <span class='ocrx_word' id='word_1_346' title='bbox 1117 3284 1349 3354; x_wconf 84' lang='lat' dir='ltr'>coniungendam.</span> <span class='ocrx_word' id='word_1_347' title='bbox 1373 3316 1407 3325; x_wconf 94' lang='lat'><em>-</em></span> <span class='ocrx_word' id='word_1_348' title='bbox 1427 3288 1470 3340; x_wconf 78' lang='lat' dir='ltr'>iu-</span> 
     </span>
     <span class='ocr_line' id='line_1_37' title="bbox 326 3353 1470 3426; baseline 0.002 -17"><span class='ocrx_word' id='word_1_349' title='bbox 326 3359 414 3409; x_wconf 79' lang='lat' dir='ltr'>certac</span> <span class='ocrx_word' id='word_1_350' title='bbox 432 3357 449 3408; x_wconf 89' lang='lat' dir='ltr'>l.</span> <span class='ocrx_word' id='word_1_351' title='bbox 469 3373 494 3408; x_wconf 89' lang='lat' dir='ltr'>a.</span> <span class='ocrx_word' id='word_1_352' title='bbox 515 3370 536 3409; x_wconf 91' lang='lat' dir='ltr'>c.</span> <span class='ocrx_word' id='word_1_353' title='bbox 555 3355 589 3426; x_wconf 82' lang='grc'>7.]</span> <span class='ocrx_word' id='word_1_354' title='bbox 620 3371 710 3424; x_wconf 87' lang='lat' dir='ltr'>neque</span> <span class='ocrx_word' id='word_1_355' title='bbox 737 3353 848 3409; x_wconf 86' lang='lat' dir='ltr'>Africae</span> <span class='ocrx_word' id='word_1_356' title='bbox 875 3353 960 3409; x_wconf 92' lang='lat' dir='ltr'>situm</span> <span class='ocrx_word' id='word_1_357' title='bbox 986 3357 1129 3426; x_wconf 87' lang='lat' dir='ltr'>cognitum</span> <span class='ocrx_word' id='word_1_358' title='bbox 1155 3357 1299 3411; x_wconf 89' lang='lat' dir='ltr'>habebant</span> <span class='ocrx_word' id='word_1_359' title='bbox 1323 3358 1373 3411; x_wconf 92' lang='lat' dir='ltr'>aut</span> <span class='ocrx_word' id='word_1_360' title='bbox 1391 3374 1470 3411; x_wconf 88' lang='lat' dir='ltr'>oram</span> 
     </span>
     <span class='ocr_line' id='line_1_38' title="bbox 325 3425 1470 3496; baseline 0.001 -17"><span class='ocrx_word' id='word_1_361' title='bbox 325 3425 496 3480; x_wconf 88' lang='lat' dir='ltr'>maritimam</span> <span class='ocrx_word' id='word_1_362' title='bbox 525 3426 681 3496; x_wconf 90' lang='lat' dir='ltr'>quibusque</span> <span class='ocrx_word' id='word_1_363' title='bbox 709 3425 778 3480; x_wconf 87' lang='lat' dir='ltr'>locis</span> <span class='ocrx_word' id='word_1_364' title='bbox 806 3426 860 3479; x_wconf 89' lang='lat' dir='ltr'>tuti</span> <span class='ocrx_word' id='word_1_365' title='bbox 889 3428 925 3481; x_wconf 87' lang='lat' dir='ltr'>ab</span> <span class='ocrx_word' id='word_1_366' title='bbox 949 3428 1072 3482; x_wconf 88' lang='lat' dir='ltr'>hostium</span> <span class='ocrx_word' id='word_1_367' title='bbox 1096 3426 1255 3482; x_wconf 88' lang='lat' dir='ltr'>incursione</span> <span class='ocrx_word' id='word_1_368' title='bbox 1280 3426 1470 3482; x_wconf 87' lang='lat' dir='ltr'>escensionem</span> 
     </span>
     <span class='ocr_line' id='line_1_39' title="bbox 324 3495 1468 3567; baseline 0.001 -16"><span class='ocrx_word' id='word_1_369' title='bbox 324 3498 417 3551; x_wconf 88' lang='lat' dir='ltr'>facere</span> <span class='ocrx_word' id='word_1_370' title='bbox 436 3497 564 3567; x_wconf 85' lang='lat' dir='ltr'>possent,</span> <span class='ocrx_word' id='word_1_371' title='bbox 587 3514 639 3551; x_wconf 91' lang='lat' dir='ltr'>nec</span> <span class='ocrx_word' id='word_1_372' title='bbox 659 3497 785 3552; x_wconf 87' lang='lat' dir='ltr'>sciebant</span> <span class='ocrx_word' id='word_1_373' title='bbox 802 3495 946 3566; x_wconf 83' lang='lat' dir='ltr'>Ruspinae</span> <span class='ocrx_word' id='word_1_374' title='bbox 966 3498 1113 3553; x_wconf 85' lang='lat' dir='ltr'>Caesarem</span> <span class='ocrx_word' id='word_1_375' title='bbox 1132 3502 1225 3553; x_wconf 88' lang='lat' dir='ltr'>castra</span> <span class='ocrx_word' id='word_1_376' title='bbox 1243 3497 1468 3566; x_wconf 84' lang='lat' dir='ltr'>communivisse,</span> 
     </span>
     <span class='ocr_line' id='line_1_40' title="bbox 324 3567 1470 3709; baseline 0.001 -15"><span class='ocrx_word' id='word_1_377' title='bbox 324 3569 436 3694; x_wconf 54' lang='lat' dir='ltr'>tiis}</span> <span class='ocrx_word' id='word_1_378' title='bbox 450 3567 698 3709; x_wconf 49' lang='lat' dir='ltr'>sallitat?</span> <span class='ocrx_word' id='word_1_379' title='bbox 717 3568 1075 3695; x_wconf 46' lang='lat' dir='ltr'>subterstratis</span> <span class='ocrx_word' id='word_1_380' title='bbox 1090 3569 1470 3708; x_wconf 57' lang='lat' dir='ltr'>ttildttsitttft</span> 
     </span>
     <span class='ocr_line' id='line_1_41' title="bbox 326 3660 1469 3782; baseline 0.002 -18"><span class='ocrx_word' id='word_1_381' title='bbox 326 3683 406 3764; x_wconf 56' lang='lat' dir='ltr'>cuius,</span> <span class='ocrx_word' id='word_1_382' title='bbox 428 3710 501 3764; x_wconf 88' lang='lat' dir='ltr'>ratio</span> <span class='ocrx_word' id='word_1_383' title='bbox 524 3711 593 3765; x_wconf 86' lang='lat' dir='ltr'>haec</span> <span class='ocrx_word' id='word_1_384' title='bbox 613 3683 672 3778; x_wconf 73' lang='lat' dir='ltr'>bat,</span> <span class='ocrx_word' id='word_1_385' title='bbox 700 3682 732 3763; x_wconf 82' lang='lat' dir='ltr'>iit</span> <span class='ocrx_word' id='word_1_386' title='bbox 755 3711 844 3779; x_wconf 88' lang='lat' dir='ltr'>primo</span> <span class='ocrx_word' id='word_1_387' title='bbox 869 3711 932 3764; x_wconf 94' lang='lat' dir='ltr'>loco</span> <span class='ocrx_word' id='word_1_388' title='bbox 952 3714 1086 3781; x_wconf 86' lang='lat' dir='ltr'>ponatur,</span> <span class='ocrx_word' id='word_1_389' title='bbox 1114 3712 1189 3779; x_wconf 92' lang='lat' dir='ltr'>quod</span> <span class='ocrx_word' id='word_1_390' title='bbox 1208 3712 1247 3764; x_wconf 88' lang='lat' dir='ltr'>sit</span> <span class='ocrx_word' id='word_1_391' title='bbox 1261 3660 1469 3782; x_wconf 56' lang='lat' dir='ltr'>{ramalimrim</span> 
     </span>
     <span class='ocr_line' id='line_1_42' title="bbox 327 3780 1470 3850; baseline 0.005 -17"><span class='ocrx_word' id='word_1_392' title='bbox 327 3781 416 3836; x_wconf 90' lang='lat' dir='ltr'>altero</span> <span class='ocrx_word' id='word_1_393' title='bbox 436 3780 585 3846; x_wconf 87' lang='lat' dir='ltr'>adiciatur,</span> <span class='ocrx_word' id='word_1_394' title='bbox 605 3782 680 3850; x_wconf 83' lang='lat' dir='ltr'>quod</span> <span class='ocrx_word' id='word_1_395' title='bbox 694 3780 771 3849; x_wconf 90' lang='lat' dir='ltr'>prius</span> <span class='ocrx_word' id='word_1_396' title='bbox 791 3781 949 3835; x_wconf 88' lang='lat' dir='ltr'>faciendum</span> <span class='ocrx_word' id='word_1_397' title='bbox 969 3784 1039 3837; x_wconf 86' lang='lat' dir='ltr'>erat.</span> <span class='ocrx_word' id='word_1_398' title='bbox 1076 3782 1115 3836; x_wconf 84' lang='lat' dir='ltr'>Cf.</span> <span class='ocrx_word' id='word_1_399' title='bbox 1136 3788 1208 3850; x_wconf 93' lang='grc'>20,1</span> <span class='ocrx_word' id='word_1_400' title='bbox 1230 3798 1338 3837; x_wconf 88' lang='lat' dir='ltr'>armare</span> <span class='ocrx_word' id='word_1_401' title='bbox 1356 3785 1385 3836; x_wconf 90' lang='lat' dir='ltr'>et</span> <span class='ocrx_word' id='word_1_402' title='bbox 1404 3799 1470 3839; x_wconf 85' lang='lat' dir='ltr'>evo·</span> 
     </span>
     <span class='ocr_line' id='line_1_43' title="bbox 326 3851 1470 3922; baseline 0.003 -16"><span class='ocrx_word' id='word_1_403' title='bbox 326 3868 402 3919; x_wconf 71' lang='grc'>6676,</span> <span class='ocrx_word' id='word_1_404' title='bbox 420 3857 464 3920; x_wconf 89' lang='grc'>46,</span> <span class='ocrx_word' id='word_1_405' title='bbox 479 3858 496 3905; x_wconf 89' lang='grc'>4</span> <span class='ocrx_word' id='word_1_406' title='bbox 514 3851 711 3919; x_wconf 87' lang='lat' dir='ltr'>dimittendos,</span> <span class='ocrx_word' id='word_1_407' title='bbox 730 3851 854 3906; x_wconf 88' lang='lat' dir='ltr'>edietum</span> <span class='ocrx_word' id='word_1_408' title='bbox 869 3853 1094 3922; x_wconf 68' lang='lat' dir='ltr'>proponendum</span> <span class='ocrx_word' id='word_1_409' title='bbox 1114 3859 1158 3919; x_wconf 83' lang='grc'>54,</span> <span class='ocrx_word' id='word_1_410' title='bbox 1172 3860 1189 3908; x_wconf 87' lang='grc'>4</span> <span class='ocrx_word' id='word_1_411' title='bbox 1203 3854 1301 3908; x_wconf 86' lang='lat' dir='ltr'>abesse</span> <span class='ocrx_word' id='word_1_412' title='bbox 1315 3854 1470 3922; x_wconf 79' lang='lat' dir='ltr'>proficisci3</span> 
     </span>
     <span class='ocr_line' id='line_1_44' title="bbox 327 3923 1472 3993; baseline 0.002 -15"><span class='ocrx_word' id='word_1_413' title='bbox 327 3930 399 3993; x_wconf 80' lang='lat' dir='ltr'>58,a</span> <span class='ocrx_word' id='word_1_414' title='bbox 420 3940 601 3979; x_wconf 87' lang='lat' dir='ltr'>concursuros</span> <span class='ocrx_word' id='word_1_415' title='bbox 620 3939 794 3990; x_wconf 78' lang='lat' dir='ltr'>accessuros3</span> <span class='ocrx_word' id='word_1_416' title='bbox 814 3929 886 3989; x_wconf 84' lang='grc'>39,1</span> <span class='ocrx_word' id='word_1_417' title='bbox 907 3924 1027 3980; x_wconf 85' lang='lat' dir='ltr'>offerunt</span> <span class='ocrx_word' id='word_1_418' title='bbox 1041 3925 1174 3992; x_wconf 82' lang='lat' dir='ltr'>existunt3</span> <span class='ocrx_word' id='word_1_419' title='bbox 1195 3931 1237 3992; x_wconf 87' lang='grc'>87,</span> <span class='ocrx_word' id='word_1_420' title='bbox 1253 3931 1268 3979; x_wconf 95' lang='grc'>7</span> <span class='ocrx_word' id='word_1_421' title='bbox 1288 3923 1472 3980; x_wconf 87' lang='lat' dir='ltr'>defenderent</span> 
     </span>
     <span class='ocr_line' id='line_1_45' title="bbox 326 3995 1469 4067; baseline 0.003 -18"><span class='ocrx_word' id='word_1_422' title='bbox 326 3995 501 4052; x_wconf 88' lang='lat' dir='ltr'>desisterent.</span> <span class='ocrx_word' id='word_1_423' title='bbox 532 3995 592 4061; x_wconf 83' lang='lat' dir='ltr'>Quo</span> <span class='ocrx_word' id='word_1_424' title='bbox 606 3995 636 4049; x_wconf 93' lang='lat' dir='ltr'>in</span> <span class='ocrx_word' id='word_1_425' title='bbox 650 3995 784 4048; x_wconf 88' lang='lat' dir='ltr'>orationis</span> <span class='ocrx_word' id='word_1_426' title='bbox 799 4011 900 4064; x_wconf 89' lang='lat' dir='ltr'>genere</span> <span class='ocrx_word' id='word_1_427' title='bbox 914 3995 1020 4065; x_wconf 85' lang='lat' dir='ltr'>priscos</span> <span class='ocrx_word' id='word_1_428' title='bbox 1039 3997 1189 4065; x_wconf 88' lang='lat' dir='ltr'>scriptores</span> <span class='ocrx_word' id='word_1_429' title='bbox 1208 3996 1342 4064; x_wconf 86' lang='lat' dir='ltr'>asyndeto</span> <span class='ocrx_word' id='word_1_430' title='bbox 1366 3996 1469 4067; x_wconf 90' lang='lat' dir='ltr'>(Plant.</span> 
     </span>
     <span class='ocr_line' id='line_1_46' title="bbox 325 4065 1469 4137; baseline 0.001 -16"><span class='ocrx_word' id='word_1_431' title='bbox 325 4068 423 4124; x_wconf 90' lang='lat' dir='ltr'>Pseud.</span> <span class='ocrx_word' id='word_1_432' title='bbox 444 4073 496 4122; x_wconf 87' lang='grc'>283</span> <span class='ocrx_word' id='word_1_433' title='bbox 516 4069 546 4120; x_wconf 91' lang='lat' dir='ltr'>at</span> <span class='ocrx_word' id='word_1_434' title='bbox 560 4065 652 4131; x_wconf 87' lang='lat' dir='ltr'>dabit,</span> <span class='ocrx_word' id='word_1_435' title='bbox 672 4065 806 4137; x_wconf 87' lang='lat' dir='ltr'>parabit),</span> <span class='ocrx_word' id='word_1_436' title='bbox 826 4065 954 4121; x_wconf 87' lang='lat' dir='ltr'>Tacitum</span> <span class='ocrx_word' id='word_1_437' title='bbox 973 4068 1137 4137; x_wconf 89' lang='lat' dir='ltr'>plerumque</span> <span class='ocrx_word' id='word_1_438' title='bbox 1156 4068 1296 4137; x_wconf 87' lang='lat' dir='ltr'>particula</span> <span class='ocrx_word' id='word_1_439' title='bbox 1314 4083 1368 4135; x_wconf 89' lang='lat' dir='ltr'>que</span> <span class='ocrx_word' id='word_1_440' title='bbox 1387 4085 1469 4122; x_wconf 88' lang='lat' dir='ltr'>usum</span> 
     </span>
     <span class='ocr_line' id='line_1_47' title="bbox 325 4137 1471 4208; baseline 0 -15"><span class='ocrx_word' id='word_1_441' title='bbox 325 4156 386 4194; x_wconf 88' lang='lat' dir='ltr'>esse</span> <span class='ocrx_word' id='word_1_442' title='bbox 405 4143 481 4193; x_wconf 86' lang='grc'>76676</span> <span class='ocrx_word' id='word_1_443' title='bbox 501 4137 610 4194; x_wconf 89' lang='lat' dir='ltr'>monuit</span> <span class='ocrx_word' id='word_1_444' title='bbox 629 4137 658 4192; x_wconf 83' lang='grc' dir='ltr'>Ε.</span> <span class='ocrx_word' id='word_1_445' title='bbox 674 4138 792 4206; x_wconf 90' lang='lat' dir='ltr'>Hauler,</span> <span class='ocrx_word' id='word_1_446' title='bbox 811 4138 893 4192; x_wconf 86' lang='lat' dir='ltr'>Arch.</span> <span class='ocrx_word' id='word_1_447' title='bbox 914 4139 939 4193; x_wconf 90' lang='lat' dir='ltr'>V</span> <span class='ocrx_word' id='word_1_448' title='bbox 954 4145 1004 4193; x_wconf 79' lang='grc'>578</span> <span class='ocrx_word' id='word_1_449' title='bbox 1016 4156 1069 4207; x_wconf 86' lang='lat' dir='ltr'>sq.;</span> <span class='ocrx_word' id='word_1_450' title='bbox 1089 4137 1202 4192; x_wconf 86' lang='lat' dir='ltr'>Asinius</span> <span class='ocrx_word' id='word_1_451' title='bbox 1217 4138 1289 4192; x_wconf 84' lang='lat' dir='ltr'>ualli</span> <span class='ocrx_word' id='word_1_452' title='bbox 1304 4139 1397 4192; x_wconf 88' lang='lat' dir='ltr'>certae</span> <span class='ocrx_word' id='word_1_453' title='bbox 1412 4139 1471 4208; x_wconf 88' lang='lat' dir='ltr'>legi</span> 
     </span>
     <span class='ocr_line' id='line_1_48' title="bbox 326 4207 1472 4281; baseline 0.001 -18"><span class='ocrx_word' id='word_1_454' title='bbox 326 4227 354 4264; x_wconf 91' lang='lat' dir='ltr'>se</span> <span class='ocrx_word' id='word_1_455' title='bbox 373 4209 530 4266; x_wconf 88' lang='lat' dir='ltr'>obstrinxit.</span> <span class='ocrx_word' id='word_1_456' title='bbox 560 4242 593 4250; x_wconf 90' lang='lat'><em>—</em></span> <span class='ocrx_word' id='word_1_457' title='bbox 626 4215 641 4262; x_wconf 90' lang='grc'>9</span> <span class='ocrx_word' id='word_1_458' title='bbox 666 4210 778 4281; x_wconf 80' lang='lat' dir='ltr'>Caesar]</span> <span class='ocrx_word' id='word_1_459' title='bbox 804 4209 884 4275; x_wconf 78' lang='lat' dir='ltr'>Quod</span> <span class='ocrx_word' id='word_1_460' title='bbox 908 4210 937 4263; x_wconf 92' lang='lat' dir='ltr'>in</span> <span class='ocrx_word' id='word_1_461' title='bbox 961 4210 1075 4280; x_wconf 90' lang='lat' dir='ltr'>optimis</span> <span class='ocrx_word' id='word_1_462' title='bbox 1099 4208 1243 4264; x_wconf 88' lang='lat' dir='ltr'>codicibus</span> <span class='ocrx_word' id='word_1_463' title='bbox 1265 4207 1401 4264; x_wconf 87' lang='lat' dir='ltr'>traditum</span> <span class='ocrx_word' id='word_1_464' title='bbox 1426 4213 1472 4264; x_wconf 91' lang='lat' dir='ltr'>cst</span> 
     </span>
     <span class='ocr_line' id='line_1_49' title="bbox 325 4279 1470 4352; baseline 0 -18"><span class='ocrx_word' id='word_1_465' title='bbox 325 4282 452 4349; x_wconf 82' lang='lat' dir='ltr'>Caesari,</span> <span class='ocrx_word' id='word_1_466' title='bbox 472 4281 584 4336; x_wconf 85' lang='lat' dir='ltr'>defendi</span> <span class='ocrx_word' id='word_1_467' title='bbox 603 4285 710 4350; x_wconf 88' lang='lat' dir='ltr'>posset,</span> <span class='ocrx_word' id='word_1_468' title='bbox 731 4282 754 4335; x_wconf 90' lang='lat' dir='ltr'>si</span> <span class='ocrx_word' id='word_1_469' title='bbox 773 4281 885 4336; x_wconf 89' lang='lat' dir='ltr'>dativus</span> <span class='ocrx_word' id='word_1_470' title='bbox 904 4279 1056 4352; x_wconf 85' lang='lat' dir='ltr'>participio</span> <span class='ocrx_word' id='word_1_471' title='bbox 1074 4281 1253 4350; x_wconf 87' lang='lat' dir='ltr'>praepositus</span> <span class='ocrx_word' id='word_1_472' title='bbox 1273 4283 1347 4334; x_wconf 88' lang='lat' dir='ltr'>essct</span> <span class='ocrx_word' id='word_1_473' title='bbox 1366 4281 1412 4350; x_wconf 85' lang='lat' dir='ltr'>(cf.</span> <span class='ocrx_word' id='word_1_474' title='bbox 1432 4281 1470 4336; x_wconf 90' lang='lat' dir='ltr'>ad</span> 
     </span>
     <span class='ocr_line' id='line_1_50' title="bbox 328 4347 1470 4421; baseline 0.004 -18"><span class='ocrx_word' id='word_1_475' title='bbox 328 4357 368 4418; x_wconf 90' lang='grc'>10,</span> <span class='ocrx_word' id='word_1_476' title='bbox 388 4359 403 4405; x_wconf 91' lang='grc'>2</span> <span class='ocrx_word' id='word_1_477' title='bbox 423 4351 517 4406; x_wconf 89' lang='lat' dir='ltr'>insciis</span> <span class='ocrx_word' id='word_1_478' title='bbox 538 4353 620 4408; x_wconf 89' lang='lat' dir='ltr'>etad</span> <span class='ocrx_word' id='word_1_479' title='bbox 642 4359 687 4420; x_wconf 90' lang='lat'>18,</span> <span class='ocrx_word' id='word_1_480' title='bbox 708 4347 723 4406; x_wconf 81' lang='lat'>&#39;5</span> <span class='ocrx_word' id='word_1_481' title='bbox 746 4353 828 4407; x_wconf 89' lang='lat' dir='ltr'>hoste</span> <span class='ocrx_word' id='word_1_482' title='bbox 848 4393 854 4405; x_wconf 87' lang='lat'>.</span> <span class='ocrx_word' id='word_1_483' title='bbox 875 4395 881 4406; x_wconf 94' lang='lat'>.</span> <span class='ocrx_word' id='word_1_484' title='bbox 902 4397 907 4408; x_wconf 94' lang='lat'>.</span> <span class='ocrx_word' id='word_1_485' title='bbox 933 4353 1087 4421; x_wconf 72' lang='lat' dir='ltr'>mittente),</span> <span class='ocrx_word' id='word_1_486' title='bbox 1117 4355 1164 4418; x_wconf 88' lang='grc'>89,</span> <span class='ocrx_word' id='word_1_487' title='bbox 1184 4359 1201 4405; x_wconf 83' lang='grc'>4</span> <span class='ocrx_word' id='word_1_488' title='bbox 1224 4352 1299 4420; x_wconf 90' lang='lat' dir='ltr'>quod</span> <span class='ocrx_word' id='word_1_489' title='bbox 1318 4356 1470 4420; x_wconf 87' lang='lat' dir='ltr'>postquam</span> 
     </span>
     <span class='ocr_line' id='line_1_51' title="bbox 325 4419 1471 4494; baseline 0.003 -20"><span class='ocrx_word' id='word_1_490' title='bbox 325 4419 436 4476; x_wconf 86' lang='lat' dir='ltr'>Caesari</span> <span class='ocrx_word' id='word_1_491' title='bbox 463 4424 623 4477; x_wconf 88' lang='lat' dir='ltr'>nuntiatum</span> <span class='ocrx_word' id='word_1_492' title='bbox 651 4428 702 4477; x_wconf 88' lang='lat' dir='ltr'>est.</span> <span class='ocrx_word' id='word_1_493' title='bbox 733 4455 765 4462; x_wconf 91' lang='lat'>—</span> <span class='ocrx_word' id='word_1_494' title='bbox 798 4425 922 4492; x_wconf 77' lang='lat' dir='ltr'>disponit</span> <span class='ocrx_word' id='word_1_495' title='bbox 942 4467 947 4478; x_wconf 91' lang='lat'>.</span> <span class='ocrx_word' id='word_1_496' title='bbox 967 4466 973 4478; x_wconf 94' lang='lat'>.</span> <span class='ocrx_word' id='word_1_497' title='bbox 996 4423 1118 4494; x_wconf 65' lang='lat' dir='ltr'>possit]</span> <span class='ocrx_word' id='word_1_498' title='bbox 1144 4439 1277 4491; x_wconf 89' lang='lat' dir='ltr'>praesens</span> <span class='ocrx_word' id='word_1_499' title='bbox 1302 4423 1471 4478; x_wconf 89' lang='lat' dir='ltr'>historicum</span> 
     </span>
     <span class='ocr_line' id='line_1_52' title="bbox 324 4491 1289 4566; baseline 0.002 -21"><span class='ocrx_word' id='word_1_500' title='bbox 324 4491 510 4562; x_wconf 87' lang='lat' dir='ltr'>praecedente</span> <span class='ocrx_word' id='word_1_501' title='bbox 530 4494 653 4548; x_wconf 84' lang='lat' dir='ltr'>ablativo</span> <span class='ocrx_word' id='word_1_502' title='bbox 673 4494 816 4563; x_wconf 90' lang='lat' dir='ltr'>absoluto,</span> <span class='ocrx_word' id='word_1_503' title='bbox 835 4496 866 4547; x_wconf 90' lang='lat' dir='ltr'>ut</span> <span class='ocrx_word' id='word_1_504' title='bbox 885 4500 909 4562; x_wconf 87' lang='grc'>9,</span> <span class='ocrx_word' id='word_1_505' title='bbox 931 4501 953 4548; x_wconf 86' lang='lat'>1.</span> <span class='ocrx_word' id='word_1_506' title='bbox 978 4503 1021 4566; x_wconf 85' lang='grc'>33,</span> <span class='ocrx_word' id='word_1_507' title='bbox 1040 4503 1065 4549; x_wconf 92' lang='grc'>2.</span> <span class='ocrx_word' id='word_1_508' title='bbox 1091 4501 1132 4564; x_wconf 88' lang='grc'>74,</span> <span class='ocrx_word' id='word_1_509' title='bbox 1152 4501 1176 4547; x_wconf 96' lang='grc'>2.</span> <span class='ocrx_word' id='word_1_510' title='bbox 1202 4501 1244 4564; x_wconf 90' lang='grc'>92,</span> <span class='ocrx_word' id='word_1_511' title='bbox 1264 4500 1289 4548; x_wconf 93' lang='grc'>3.</span> 
     </span>
    </p>
   </div>
   <div class='ocr_carea' id='block_1_5' title="bbox 0 0 1648 5124">
    <p class='ocr_par' dir='ltr' id='par_1_7' title="bbox 0 0 1648 5124">
     <span class='ocr_line' id='line_1_53' title="bbox 0 0 1648 5124; baseline 0 2"><span class='ocrx_word' id='word_1_512' title='bbox 0 0 1648 5124; x_wconf 95' lang='lat' dir='ltr'> </span> 
     </span>
    </p>
   </div>
  </div>
 </body>
</html>
