3292 5132
300 325 342 387 22
699 324 848 379 BELLUM
868 322 1041 379 AFRICUM.

300 490 364 570 [sui
397 487 532 568 milites]
569 487 725 570 fuissent,
761 510 802 551 ne
840 492 972 571 propter
1010 509 1143 552 snorum
1181 485 1378 572 paucitatem
1413 492 1447 553 et

299 578 443 643 hostium
469 576 708 641 multitudinem
735 579 850 657 [metu]
874 576 1055 641 deficerent.

266 684 279 730 1
392 665 448 733 12.
481 665 630 748 interim,
655 687 728 730 cum
747 666 813 730 iam
833 665 953 731 Caesar
972 687 1164 752 progressus
1185 670 1271 730 esset
1290 689 1310 730 0
1328 669 1446 732 0005110

300 755 428 820 circiter
447 755 538 819 milia
556 777 641 838 pass.
661 773 713 837 111,
737 777 795 838 per
819 755 1038 838 speculatores
1058 758 1089 818 et
1105 759 1324 820 antecessores
1345 757 1447 841 [equi-

300 847 363 926 tes]
387 846 559 909 nuntiatur
583 844 626 928 ei,
654 847 764 926 copias
789 843 932 907 hostium
961 844 1047 908 haud
1071 844 1170 929 longe
1193 846 1233 909 ab
1258 867 1327 910 sese
1351 847 1484 912 110005

299 934 344 999 Ht
376 934 522 998 hercules
552 955 625 997 cum
653 954 691 996 eo
719 933 833 996 nuntio
861 933 970 1016 pulvis
997 933 1112 1018 ingens
1140 935 1285 1018 conspici
1314 939 1447 1018 coeptus

265 1026 360 1087 rest.
406 1022 477 1087 Hac
505 1043 539 1085 re
568 1021 699 1104 cognita
727 1021 848 1086 000001
876 1021 1024 1086 celeriter
1052 1021 1143 1086 iubet
1171 1023 1352 1106 equitatum
1376 1026 1440 1087 uni-

300 1134 443 1191 versum,
472 1111 563 1175 cuius
591 1111 718 1194 copiam
745 1109 862 1174 habuit
890 1111 924 1174 in
953 1112 1138 1194 praesentia
1167 1114 1245 1192 [non
1269 1117 1448 1198 magnam]

302 1205 335 1265 et
363 1200 554 1286 sagittarios
584 1203 733 1282 [quorum
760 1221 881 1283 parvus
909 1202 1075 1280 numerus]
1105 1221 1144 1263 ex
1171 1201 1289 1266 castris
1317 1203 1448 1285 arcessi,

393 1418 404 1465 1
427 1410 504 1482 *[001
524 1409 643 1479 milites]
663 1410 838 1478 iactasimas;
862 1407 967 1464 milites
986 1410 1014 1464 A
1041 1412 1050 1478 [Ι
1078 1409 1134 1464 *00
1154 1417 1288 1467 corrector
1306 1413 1450 1483 archetypi

906 1491 935 1522 ue

301 1538 402 1592 codicis
421 1537 462 1602 A,
482 1537 513 1589 ira
531 1551 584 1604 qao
602 1539 641 1589 est
659 1551 694 1588 ne
712 1531 784 1588 nihil
799 1535 892 1601 (idest
906 1533 1002 1602 nihil);
1023 1533 1094 1588 nihil
1109 1535 1168 1588 LP
1177 1535 1214 1598 V;
1231 1552 1268 1590 ne
1281 1535 1312 1588 hi
1325 1535 1448 1606 Nipper-

300 1610 379 1663 dcr'as
405 1609 414 1674 ]
442 1606 601 1677 2*]metu]
621 1607 784 1660 inclusimus
810 1607 819 1675 ΙΙ
851 1611 950 1658 300111
970 1605 1145 1661 0000011011
1164 1607 1227 1662 LD
1253 1608 1263 1676 ]
1289 1607 1448 1676 4spicula-

301 1682 375 1733 tores
394 1679 420 1731 L
448 1680 457 1746 11
484 1677 640 1748 '[equites]
660 1678 821 1731 inclusimus
849 1678 859 1746 ΙΙ
886 1677 961 1748 tei]
981 1680 1010 1731 et
1029 1681 1055 1731 A
1082 1679 1092 1744 ΙΙ
1119 1679 1170 1731 5*
1177 1679 1315 1749 hercules]
1334 1680 1448 1734 hercule

303 1752 325 1804 0
343 1753 383 1818 118
402 1750 494 1820 *[non
508 1748 654 1820 magnam]
669 1765 719 1802 om.
735 1748 761 1801 L
766 1769 778 1816 ‚·
794 1765 850 1801 non
864 1763 996 1816 magnum
1011 1749 1039 1804 A
1050 1749 1074 1802 U
1078 1749 1109 1804 D
1121 1751 1131 1818 l]
1145 1755 1161 1802 0
1175 1748 1327 1820 *[quorum
1342 1766 1449 1818 parvus

301 1821 445 1892 numerus]
471 1837 505 1874 ex
531 1818 629 1873 castris
653 1835 717 1874 aas:
743 1835 768 1886 q.
793 1837 820 1888 p.
845 1835 879 1873 ex
903 1835 925 1872 0.
949 1836 975 1873 n.
1000 1823 1026 1873 A
1040 1821 1076 1884 V;
1102 1838 1129 1888 q.
1148 1837 1175 1888 p.
1199 1837 1232 1874 ex
1252 1839 1274 1875 c.
1295 1821 1402 1876 exierat
1419 1841 1449 1878 n.

306 1893 398 1946 UFD
419 1895 429 1961 ΙΙ
451 1890 573 1946 *arcessi
594 1889 700 1956 AUF;
719 1888 846 1944 arcessiri
866 1890 909 1956 R;
928 1891 1044 1945 arcessit
1063 1890 1093 1945 D
1111 1907 1181 1946 corr.

391 2093 404 2139 1
425 2087 488 2210 (lm
511 2087 621 2156 milites]
646 2086 682 2139 ab
707 2086 805 2140 eadem
827 2084 1012 2155 grammatico
1031 2087 1174 2156 adscripta
1193 2103 1254 2142 esse
1273 2090 1369 2157 patet,
1398 2089 1450 2158 qui

302 2175 387 2228 supra
406 2176 423 2212 a
444 2156 517 2212 didit
536 2159 614 2229 [suae
633 2157 741 2228 naves]
769 2189 805 2196 -
832 2164 848 2211 2
870 2157 962 2227 [meta]
982 2159 1137 2228 deficerent]
1158 2159 1181 2212 si
1201 2176 1230 2213 re
1249 2175 1316 2213 vera
1334 2160 1451 2230 scripsit

302 2229 430 2297 Asinius,
455 2231 529 2297 quod
553 2231 649 2282 tamen
672 2230 719 2281 vix
739 2227 863 2282 adducor
882 2229 914 2281 nt
932 2229 1058 2295 credam,
1083 2247 1133 2297 per
1151 2229 1321 2284 brevitatem
1340 2232 1450 2286 dictum

303 2302 377 2355 00005
394 2317 458 2368 pro:
478 2299 572 2354 animo
592 2300 744 2354 deficerent
762 2305 791 2354 05
808 2303 886 2353 metu
905 2300 1089 2354 afficerentur.
1118 2299 1195 2355 Caes.
1215 2302 1240 2355 11
1260 2308 1302 2370 81,
1322 2309 1338 2356 8
1356 2320 1450 2372 neque

301 2371 376 2427 tanti
394 2371 504 2426 timoris
524 2374 622 2442 (snm),
641 2374 673 2425 ut
691 2369 828 2426 deficiam.

391 2442 440 2498 12.
465 2450 481 2496 3
501 2461 561 2498 cam
579 2443 648 2513 iam]
668 2447 742 2509 aar
762 2457 823 2495 cum
845 2442 901 2494 iam
917 2439 1018 2496 000101
1038 2441 1241 2510 existimasset;
1260 2450 1304 2512 39,
1320 2451 1344 2499 2.
1363 2450 1449 2513 401.

302 2520 384 2584 501.
410 2521 453 2583 10,
470 2519 542 2567 1.-
562 2523 579 2568 4
597 2513 791 2585 speculatores]
810 2511 912 2567 Caesar
931 2519 956 2580 5,
971 2520 1013 2578 49,
1031 2520 1046 2569 8
1067 2514 1290 2582 speculatoribus
1307 2514 1336 2569 in
1350 2533 1450 2572 omnes

301 2589 397 2655 partes
417 2586 540 2641 dimissis
559 2587 732 2655 explorat,
757 2601 812 2652 qno
836 2584 1062 2639 commodissime
1085 2584 1186 2640 itinere
1205 2588 1309 2641 vallem
1328 2589 1450 2644 transire

300 2659 398 2727 possit.
429 2657 501 2712 Hinc
519 2658 594 2726 apud
614 2655 760 2712 Gaesarem
780 2659 809 2710 et
822 2655 945 2709 Hirtium
959 2657 1090 2724 frequens
1105 2657 1313 2726 exploratorum
1332 2660 1449 2727 mentio,

301 2730 381 2782 nulla
399 2728 428 2782 in
446 2728 529 2783 bellis
547 2727 680 2782 Africano
699 2729 729 2782 et
742 2726 934 2796 Hispaniensi,
954 2744 1071 2796 quornm
1085 2732 1213 2784 auctores
1231 2728 1261 2783 in
1276 2746 1330 2784 uno
1350 2747 1449 2799 specu-

301 2801 425 2854 latorum
439 2801 552 2853 nomine
567 2798 757 2868 acquiescunt.
773 2830 807 2837 —
822 2800 1012 2869 antecessores]
1028 2798 1141 2854 (lassari
1156 2804 1357 2869 antecursores,
1372 2803 1450 2872 apud

302 2871 413 2924 Livium
431 2886 640 2939 praecursorem
666 2868 806 2938 ‘equites’
827 2869 1002 2938 inclusimus,
1026 2869 1094 2937 quia
1116 2888 1205 2938 neque
1225 2875 1383 2928 antecessor
1401 2891 1450 2928 ne-

303 2958 357 3010 que
372 2942 532 3010 speculator
545 2941 678 2995 adiectivi
693 2957 806 2994 munere
821 2939 957 3009 fungitur.
978 2972 1011 2981 -
1031 2949 1047 2995 5
1065 2943 1142 2997 tauri
1162 2945 1250 3014 lanpe]
1271 2949 1313 3004 30,
1328 2951 1352 2998 2.
1373 2950 1416 3012 48,
1432 2951 1450 2998 2

301 3014 378 3066 haud
393 3013 433 3066 ita
449 3012 545 3082 longs3
564 3019 607 3080 48,
623 3020 638 3065 5
659 3011 735 3065 haud
748 3011 790 3065 ita
805 3011 866 3082 diu;
886 3011 1018 3066 similiter
1032 3015 1107 3082 apud
1121 3011 1281 3069 Cornelium
1295 3014 1450 3083 Nepotem:

303 3086 401 3138 contra
429 3099 464 3136 ea
494 3085 596 3138 Caesar
624 3083 678 3137 hac
704 3081 843 3152 particula
869 3083 956 3136 semel
983 3084 1095 3139 omnino
1120 3103 1186 3139 usus
1210 3087 1253 3140 est
1276 3092 1301 3153 5,
1321 3092 1363 3154 54,
1383 3093 1399 3140 5
1418 3086 1450 3140 51

302 3155 424 3209 formula
451 3154 542 3211 ‘haud
562 3155 646 3209 scio’.
692 3152 733 3208 01.
758 3155 852 3208 Herm.
871 3155 986 3221 Planer,
1013 3154 1054 3208 De
1076 3157 1153 3210 haud
1177 3159 1207 3210 et
1229 3158 1450 3226 haudquaquam

303 3226 485 3296 negationum
503 3245 553 3279 usn
571 3228 663 3294 (1886)
678 3245 704 3295 p.
722 3230 767 3291 10,
787 3227 816 3278 05
830 3242 914 3295 supra
928 3226 964 3280 ad
979 3231 1004 3292 3,
1019 3233 1043 3280 5.
1059 3259 1091 3266 -
1112 3233 1128 3282 5
1147 3234 1171 3282 et
1184 3229 1314 3297 hercoles]
1334 3231 1449 3282 Asinius

303 3315 345 3366 ap.
358 3296 413 3351 Cic.
425 3299 499 3366 epist
520 3304 561 3365 10,
572 3304 615 3363 33,
627 3305 642 3351 3
658 3303 687 3351 05
696 3298 836 3354 hercules.
847 3296 1045 3365 ¹collocaram
1059 3315 1195 3367 nusquam
1207 3301 1280 3368 apud
1290 3299 1449 3368 Caesarem,

303 3367 440 3436 Hirtium,
469 3373 612 3423 auctorem
637 3367 706 3422 belli
728 3368 931 3436 Hispaniensis.
974 3367 1014 3423 01.
1040 3370 1076 3423 ad
1102 3376 1182 3435 15,1
1213 3371 1393 3426 mehercules.
1413 3403 1449 3412 -

303 3446 318 3494 8
338 3442 417 3496 cuias
435 3442 542 3509 copiam
560 3442 669 3508 tabuit]
688 3441 779 3506 „tiber
793 3439 837 3492 die
853 3455 883 3492 er
900 3441 938 3493 im
954 3438 1147 3510 Angenbliclre
1162 3443 1297 3510 verlilgen
1315 3441 1449 3511 honnte“,

303 3511 551 3577 0543110110150,
571 3512 691 3566 0051051
710 3510 808 3565 castris
824 3509 934 3580 copiam
948 3509 1096 3579 habuerat,
1115 3511 1241 3582 incenso,
1260 3530 1312 3566 nec
1327 3515 1447 3568 multum

303 3582 375 3650 abit,
395 3584 469 3650 quod
491 3583 639 3637 Sallustius
659 3581 771 3651 scripsit
796 3582 830 3635 de
850 3583 961 3636 Boccho
981 3584 1039 3651 lug.
1062 3589 1155 3650 111,1
1180 3584 1313 3652 quoniam
1337 3585 1447 3653 copiam

302 3655 454 3724 iugurthae
472 3655 598 3708 haberet.
631 3654 776 3708 Profectus
791 3655 883 3707 autem
904 3655 965 3708 erat
979 3651 1081 3709 Caesar
1099 3672 1162 3708 cum
1180 3656 1277 3724 paucis
1297 3656 1447 3724 equitibus,

303 3724 331 3778 id
356 3732 399 3778 est
422 3723 657 3792 antecessoribus,
682 3725 749 3792 quia
773 3723 850 3778 nullo
874 3725 908 3778 de
927 3725 1049 3779 hostium
1069 3726 1193 3781 adventu
1210 3727 1310 3780 nuntio
1329 3730 1447 3796 accepto

303 3794 375 3849 nihil
398 3796 452 3849 nisi
475 3796 722 3850 frumentationem
748 3797 841 3848 mente
865 3795 1005 3864 agitabat:
1030 3798 1195 3862 accedebat,
1219 3798 1294 3866 quod
1318 3798 1447 3868 plerique

303 3867 412 3934 equites
431 3865 517 3936 longa
535 3867 689 3922 iactatione
704 3867 846 3920 maritima
859 3866 900 3920 ita
914 3870 1008 3922 essent
1025 3868 1147 3937 impares
1161 3867 1256 3923 itineri
1275 3869 1446 3938 proelioque,

302 3945 334 3992 ut
349 3936 452 3993 000001
470 3955 518 3992 000
537 3939 565 3992 in
586 3938 684 3993 castris
700 3953 788 4006 prope
808 3937 962 4006 Ruspinam
976 3940 1173 4008 relinquendos
1188 3956 1247 3994 esse
1262 3939 1445 3996 existimaret.

302 4009 388 4077 (0000.
408 4009 462 4064 Dio
477 4014 550 4078 53,2
570 4007 621 4078 τὴν
640 4011 727 4062 ἵππον
746 4007 863 4078 μηδέπω
878 4013 969 4072 καλῶς
989 4007 1020 4064 ἐκ
1039 4015 1088 4077 τῆς
1102 4009 1248 4080 θαλάσσης
1267 4007 1446 4082 ἐρρωμένην).

303 4081 392 4146 Quam
411 4082 579 4136 sententiam
604 4080 653 4150 qui
671 4097 725 4134 non
746 4081 900 4149 perspexit,
925 4081 1074 4152 adscripsit
1092 4084 1179 4137 verba
1203 4082 1272 4138 ‘non
1289 4084 1447 4152 magnam’,

303 4151 371 4206 satis
391 4151 495 4222 frigida
513 4170 546 4206 ac
567 4153 697 4217 molesta,
721 4152 787 4219 quia
806 4158 821 4218 ξ
840 4158 870 4220 3,
895 4155 964 4220 quot
985 4151 1089 4208 fuerint
1113 4155 1220 4221 equites
1245 4157 1445 4220 memoratum

302 4240 353 4276 nec
368 4223 471 4278 000001
490 4224 536 4277 ‘in
551 4222 727 4293 praesentia’
748 4225 858 4277 tantum
873 4240 988 4292 parvam
1004 4224 1131 4292 equitum
1145 4226 1254 4293 copiam
1269 4225 1377 4293 habuit,
1398 4228 1447 4280 sed

301 4310 352 4362 per
370 4298 461 4348 totum
482 4296 586 4350 bellum
610 4297 663 4351 hac
681 4297 761 4364 parte
781 4295 925 4364 copiarum
948 4296 1063 4350 inferior
1086 4297 1147 4352 luit.
1177 4327 1210 4338 -
1239 4302 1254 4350 9
1273 4297 1446 4369 sapittarios]

303 4368 414 4418 centum
430 4364 643 4436 quinquaginta,
663 4373 678 4432 ξ
694 4371 723 4420 3;
743 4366 789 4421 hic
804 4383 924 4435 quoque,
939 4370 1013 4436 quod
1028 4367 1156 4421 additum
1171 4371 1214 4422 est
1234 4367 1363 4436 ‘quorum
1383 4384 1448 4437 par·

303 4452 354 4491 100
372 4438 527 4504 numerus’,
550 4439 648 4492 eodem
671 4439 783 4492 nomine
806 4436 931 4507 laborat,
955 4455 1010 4506 quo
1032 4438 1174 4509 glossema
1200 4440 1267 4512 [non
1286 4440 1449 4510 magnam];
