3292 5132
643 373 718 428 CAP.
739 380 763 428 5.
784 383 807 429 6.
1256 374 1295 437 11

154 538 261 621 erupit
284 537 471 622 multitude,
500 540 598 620 atque
627 539 790 621 equitatus
819 538 963 603 subsidio
994 559 1057 602 uno
1081 542 1228 622 tempore
1251 539 1297 603 eis

154 649 231 690 casu
256 627 426 710 succurrit,
454 627 510 709 qui
538 632 608 691 erat
636 628 755 692 missus
780 651 799 692 a
822 628 903 692 Iuba
932 628 971 692 ad
996 628 1195 711 stipendium
1218 628 1298 693 aeci-

153 716 321 799 piendum,
335 719 520 799 castraque,
539 717 623 780 unde
638 716 758 781 Caesar
773 739 923 802 egressus
938 719 1001 781 iter
1015 719 1121 781 facere
1137 722 1299 802 coeperat,

153 810 291 889 occupat
316 810 348 869 et
376 805 445 868 eius
474 827 590 890 agmen
618 811 798 870 extremum
827 807 955 889 insequi
977 811 1161 890 coeperunt.
1208 805 1333 881 Quaen

120 915 203 962 tres
228 917 302 958 curn
330 894 555 960 animadversa
583 900 681 978 esset,
709 896 817 960 subito
846 895 1017 980 legionarii
1041 895 1235 979 consistunt,
1265 901 1298 958 et

152 983 293 1068 equites,
313 1005 508 1067 quamquam
523 988 616 1048 erant
629 985 737 1068 pauci,
756 989 866 1048 tamen
880 989 994 1049 contra
1007 989 1134 1049 tantam
1149 985 1297 1059 multitu-

152 1073 261 1136 dinem
289 1072 503 1137 audacissime
532 1079 737 1138 concurrunt.
788 1073 917 1138 Accidit
944 1096 996 1138 res
1020 1074 1233 1155 incredibilis,
1260 1076 1332 1142 uta

152 1161 278 1244 equites
303 1163 410 1226 minus
433 1181 508 1226 xxx
532 1161 620 1227 Galli
642 1162 830 1226 Maurorum
854 1163 999 1246 equitum
1024 1163 1086 1227 duo
1109 1163 1202 1226 milia
1225 1163 1296 1227 loco

150 1251 312 1333 pellerent
344 1253 558 1335 fugerentque
594 1252 628 1315 in
667 1252 831 1336 oppidum.
887 1252 1066 1335 Postquam
1103 1252 1227 1335 repulsi
1265 1256 1333 1319 ete

105 1361 133 1408 10
152 1340 292 1404 coniecti
316 1344 409 1404 erant
432 1340 520 1404 intra
547 1341 756 1421 munitiones,
785 1340 906 1405 Caesar
929 1343 991 1405 iter
1013 1341 1227 1405 constitutum
1250 1341 1297 1404 ire

241 1539 258 1586 2
278 1531 397 1586 cassiL
420 1536 430 1603 ΙΙ
453 1535 515 1587 erat
539 1534 725 1588 internectus
748 1535 814 1588 cdd.
839 1535 870 1588 ia
893 1535 934 1601 L,
961 1535 1093 1590 incertam
1118 1553 1156 1590 ua
1177 1537 1298 1590 secunda

150 1621 251 1670 marem
277 1622 362 1674 quare
389 1607 469 1659 etiam
498 1603 546 1672 qui
568 1606 684 1670 sortasse
707 1606 850 1660 delendum
872 1612 910 1660 est
942 1608 951 1674 ΙΙ
984 1613 999 1659 3
1023 1607 1053 1660 et
1075 1605 1129 1660 iter
1147 1605 1274 1660 ALPV
1289 1606 1297 1676 ll

150 1682 177 1800 Ξ
186 1675 331 1801 *oppuppt
349 1677 456 1745 APV;
474 1677 612 1745 occupant
630 1677 702 1745 culp.
722 1693 770 1731 om.
786 1677 813 1729 L
836 1677 845 1746 ΙΙ
869 1684 883 1731 7
905 1679 1105 1732 concurrerunt
1123 1678 1150 1732 L
1173 1678 1182 1746 l
1205 1685 1221 1732 8
1241 1678 1296 1732 duo

150 1925 220 1991 loeis
240 1923 272 1978 in
290 1925 317 1979 b.
336 1924 394 1978 Afr.
414 1924 568 1994 invenitur,
589 1926 736 1996 ‘repente'
757 1942 793 1979 ne
811 1943 867 1979 uno
882 1927 1004 1994 quidem.
1043 1928 1136 1982 Semel
1155 1945 1218 1981 cum
1236 1945 1297 1997 per·

150 1997 224 2051 fecto
249 1996 331 2050 verbi
354 1997 525 2066 ‚deponentis
549 1999 637 2066 (47,1
662 1999 707 2051 est
730 1995 853 2066 exortus)
872 1999 1053 2052 coniunctum
1079 2005 1135 2066 est,
1163 2001 1206 2053 ter
1234 2016 1298 2052 cum

150 2070 278 2136 perfeeto
298 2068 405 2138 coepit,
429 2067 537 2124 sexiens
560 2085 623 2122 cum
641 2070 783 2138 praesenti
806 2069 940 2124 historico
964 2070 1013 2140 (ad
1032 2077 1074 2138 83,
1094 2073 1131 2139 4),
1168 2071 1212 2123 An
1231 2069 1297 2124 scri-

150 2138 276 2193 bendum
296 2139 436 2209 erumpit?
451 2172 484 2180 —
506 2148 518 2193 1
539 2141 699 2211 multitudo]
718 2139 903 2209 intellegendi
921 2145 988 2196 sunt
1001 2141 1174 2212 septingenti
1189 2141 1297 2209 equites

151 2209 278 2264 Considii
292 2210 451 2279 legionibus
466 2210 558 2266 additi
577 2215 631 2280 (33,
646 2213 685 2280 3);
704 2211 821 2264 verbum
840 2214 1003 2281 erumpendi
1017 2215 1052 2267 de
1072 2213 1200 2282 equitatu
1220 2229 1298 2266 usur-

150 2284 249 2350 patum
266 2289 309 2349 69,
324 2289 349 2336 4.
369 2314 402 2322 -
422 2300 478 2337 uuo
493 2283 619 2352 tempore]
637 2308 670 2328 =
690 2282 787 2348 simul;
807 2290 849 2350 30,
865 2289 889 2338 2.
914 2291 957 2351 34,
977 2292 1000 2339 6.
1026 2291 1070 2352 42,
1091 2291 1119 2351 1,
1138 2285 1208 2338 item
1222 2285 1297 2352 apud

150 2353 315 2418 Caesarem3
334 2380 368 2399 =
390 2353 541 2422 aliquando
560 2353 637 2409 Caes.
657 2353 698 2407 ΙΙΙ
718 2360 759 2421 15,
779 2361 803 2409 3.
823 2381 858 2394 -—
881 2356 1002 2426 21055]
1023 2355 1193 2424 Hiempsalis
1212 2354 1297 2424 filius,

150 2441 198 2478 rex
226 2425 379 2480 Numidiae
408 2429 437 2479 et
465 2425 661 2492 Gaetulorum,
691 2424 739 2492 qui
767 2424 894 2480 Curionis
921 2426 1046 2493 legiones
1069 2426 1111 2492 ad
1136 2426 1297 2496 Bagradam

96 2511 98 2520 ·
150 2495 258 2551 flumen
280 2496 424 2552 deleverat
447 2497 534 2566 (Caes.
553 2498 644 2565 1140)
671 2498 699 2549 et
722 2495 802 2550 annis
826 2503 859 2550 47
879 2499 908 2552 et
931 2504 964 2551 46
989 2514 1098 2566 quoque
1122 2497 1159 2552 ad
1183 2514 1296 2551 causam

151 2566 386 2636 Pompeianorum
405 2584 435 2623 se
454 2569 633 2633 adiunxerat,
658 2583 720 2621 cum
745 2567 772 2622 ei
791 2585 899 2622 summa
918 2567 1134 2634 administrandi
1152 2567 1222 2622 belli
1240 2584 1297 2622 non

150 2638 291 2707 permissa
305 2641 391 2708 esset,
410 2639 493 2694 initio
513 2638 642 2708 equitatu
661 2639 721 2693 solo
736 2637 897 2707 Scipionem
914 2638 1020 2693 iuvisse
1034 2639 1157 2708 videtur,
1176 2638 1296 2694 maiores

151 2710 249 2779 copias
275 2711 393 2765 adduxit
417 2714 482 2780 post
507 2709 646 2780 proelium
671 2711 707 2763 ad
735 2709 904 2779 Ruspinam,
932 2717 980 2778 25,
1007 2718 1030 2766 1.
1065 2742 1097 2750 -
1130 2718 1147 2764 4
1170 2718 1284 2780 occupat

151 2781 266 2836 Cassius
287 2781 339 2837 nio
362 2789 405 2849 42,
425 2789 468 2851 58,
487 2789 504 2836 4
528 2781 682 2852 προσέβαλε
703 2780 765 2850 (sic)
789 2781 826 2854 τῷ
842 2777 1012 2854 Ἀδρυμήτῳ,
1036 2778 1247 2851 ἀποκρουσθεὶς
1264 2784 1296 2836 δε

150 2854 199 2906 aul
217 2850 334 2918 προσέτι
352 2855 401 2908 nul
420 2848 451 2907 ἐκ
470 2854 520 2908 τοῦ
535 2853 726 2916 στρατοπέδου
741 2854 839 2924 βιαίως
854 2848 1002 2925 ἐκβληθείς
1016 2859 1071 2908 κτλ.
1088 2886 1121 2894 -
1141 2856 1296 2926 coeperunt]

152 2923 333 2978 Constructio
353 2925 389 2978 ad
409 2942 534 2991 sensum,
554 2923 682 2979 Ciceroni
699 2941 756 2980 non
774 2926 907 2996 probata,
926 2927 975 2980 sed
988 2925 1088 2980 Asinio
1107 2927 1136 2980 et
1154 2925 1296 2980 Sallustio.

152 3003 192 3063 71,
213 3002 241 3050 2.
278 2996 324 3052 Aa.
345 2995 400 3050 Cic.
421 2997 503 3066 epist.
524 3003 567 3063 10,
586 3001 633 3062 33,
652 3003 668 3050 3
687 2995 729 3048 ita
747 2995 894 3051 festinavit
914 2999 1043 3066 uterque,
1061 3000 1206 3066 tamquam
1225 2996 1298 3050 nihil

150 3066 232 3136 peius
253 3065 394 3122 timerent.
433 3067 500 3122 Sall.
525 3065 583 3122 Cat.
604 3073 651 3136 23,
672 3075 687 3122 6
706 3066 841 3122 nobilitas
864 3067 974 3124 invidia
997 3071 1096 3124 aestua
1168 3071 1198 3122 et
1216 3068 1297 3136 quasi

151 3137 244 3206 pollui
259 3139 436 3193 consulatum
452 3140 611 3193 eredebant.
628 3161 659 3178 ¹-
676 3145 692 3192 6
710 3140 887 3210 quamquam]
902 3139 1017 3195 Asinius
1033 3157 1066 3194 ex
1209 3138 1297 3193 fuisse

150 3209 267 3263 videtur
286 3227 382 3265 eorum
401 3209 584 3279 scripturum,
609 3211 657 3277 qui
680 3208 821 3277 particula
838 3215 888 3266 etsi
907 3213 1033 3266 consulto
1053 3228 1070 3264 a
1217 3214 1250 3265 nt
1269 3213 1298 3265 et

152 3283 201 3334 aut
218 3284 328 3336 tametsi
347 3285 397 3336 aut
415 3284 522 3337 etiamsi
540 3280 755 3347 substituerunt,
778 3299 814 3335 ne
838 3281 985 3337 enuntiata
1004 3299 1116 3337 concess
1183 3283 1297 3337 confun-

151 3352 287 3406 derentur
310 3370 373 3407 cum
397 3351 638 3408 condicionalibus
661 3353 801 3421 particula
823 3359 847 3408 et
870 3353 1050 3409 antecedenti
1073 3353 1228 3408 sententiae
1247 3355 1294 3408 ad-

150 3424 245 3491 nexis,
269 3423 358 3478 veluti
382 3423 533 3479 Sallustius
556 3426 586 3478 et
609 3424 716 3478 Seneca
738 3425 842 3479 rhetor.
875 3456 909 3465 -
942 3433 958 3481 8
977 3428 1068 3481 miuus
1086 3425 1215 3495 triginta]
1235 3425 1252 3478 i.
1273 3443 1296 3479 e.

151 3497 247 3549 turma
265 3496 338 3552 male
356 3497 448 3565 plena.
487 3495 556 3549 Cum
575 3494 677 3550 Caesar
695 3498 807 3549 centum
826 3495 1033 3566 quinquaginta
1051 3495 1161 3564 equites
1180 3495 1298 3550 haberet

151 3568 191 3634 (3,
213 3568 241 3632 1)
270 3568 298 3620 et
325 3567 427 3622 iterum
454 3565 612 3635 iterumque
640 3566 787 3620 lacessitus
813 3585 830 3621 a
857 3567 988 3622 Numidis
1016 3569 1127 3637 partem
1155 3565 1297 3635 equitatus

152 3636 300 3706 (intellege
319 3637 377 3693 fere
397 3637 554 3706 dimidiam)
573 3638 603 3692 in
622 3638 746 3692 extremo
765 3639 877 3706 agmine
897 3639 1090 3694 collocandam
1109 3654 1170 3694 esse
1190 3636 1299 3692 videret

152 3711 188 3776 (6,
208 3711 255 3776 5),
279 3709 405 3778 sequitur
427 3712 459 3764 ut
481 3708 564 3763 initio
587 3709 697 3764 itineris
720 3711 865 3778 paucioies
890 3711 975 3765 etiam
995 3728 1096 3780 agmen
1114 3709 1297 3764 novissimum

152 3780 315 3835 clauserint.
353 3780 393 3835 cf.
414 3786 456 3849 70,
476 3787 500 3836 4.
538 3779 625 3835 Recte
644 3782 739 3835 autem
757 3782 911 3851 Ruspinam
930 3799 1026 3837 versus
1049 3782 1190 3851 profectus
1209 3781 1297 3836 maio·

152 3867 212 3904 rem
231 3851 358 3921 equitum
381 3853 491 3922 partem
516 3852 552 3905 ad
575 3851 638 3906 loca
661 3853 834 3920 exploranda
857 3853 1021 3909 antecedere
1045 3853 1172 3907 iusserat.
1215 3853 1298 3906 Falso

151 3921 375 3991 interpretantur
401 3925 476 3978 hunc
505 3925 599 3977 locum
628 3925 658 3978 et
683 3921 872 3992 Nipperdeius
900 3927 988 3994 praef.
1016 3944 1043 3995 p.
1068 3930 1119 3978 202
1149 3927 1178 3978 et
1201 3922 1298 3978 Stoffel

152 3994 178 4046 ll
198 4000 259 4050 108.
280 4025 312 4035 -
331 3996 490 4066 duomilia]
510 3995 552 4048 Ex
571 3996 624 4049 hoc
644 3994 707 4047 loco
728 3994 871 4063 colligitur
884 3996 1016 4050 Pisonem
1034 4013 1097 4049 eum
1115 3995 1205 4049 tribus
1225 3993 1298 4048 mili-

152 4065 206 4118 bus
238 4065 363 4132 equitum
390 4066 551 4121 Maurorum
574 4083 629 4120 non
657 4065 840 4120 Adrumetum
864 4068 1031 4136 pervenisse.
1066 4098 1100 4108 -
1133 4073 1148 4120 9
1169 4067 1299 4134 pellerent

152 4139 346 4208 superentque]
366 4143 409 4204 23,
429 4144 444 4190 2
468 4139 566 4208 pulsus
584 4136 764 4206 fugatusque.
803 4137 929 4192 Eritavit
956 4140 1076 4208 scriptor
1099 4138 1195 4191 tritam
1218 4136 1298 4190 illam

152 4209 302 4262 verborum
321 4208 437 4263 fundere
456 4211 554 4279 fugare
572 4206 818 4276 allitterationem,
842 4209 915 4263 sicut
937 4227 987 4277 pro
1007 4225 1086 4263 orare
1105 4212 1134 4263 et
1152 4209 1298 4262 obsecrare

152 4277 256 4334 maluit
275 4281 395 4335 scribere
419 4286 496 4349 33,1
521 4297 601 4335 orare
625 4280 655 4332 et
678 4280 788 4346 petere;
818 4286 894 4347 74,1
920 4281 1020 4348 petunt
1039 4282 1068 4334 et
1088 4279 1244 4335 obsecrant.
1266 4311 1296 4320 -

156 4356 188 4403 10
207 4352 259 4405 iter
285 4358 366 4407 coust.
386 4352 438 4423 ire]
464 4358 506 4420 75,
526 4359 541 4406 6
565 4350 620 4405 iter
642 4349 786 4418 inceptum
808 4350 849 4404 ire
873 4353 1037 4419 coeperunt:
1061 4353 1167 4421 figurae
1192 4354 1299 4420 etymo-

153 4421 264 4490 logioac
274 4423 432 4492 exemplum
443 4423 566 4493 priscum
577 4437 733 4476 sermonem
743 4422 866 4489 redolet,
880 4422 946 4489 quia
956 4439 1007 4476 nec
1018 4422 1120 4477 Caesar
1130 4439 1182 4476 nee
1192 4422 1297 4490 (liuere,
1360 4421 1367 4432 “

154 4493 241 4548 immo
260 4510 295 4548 ne
310 4493 464 4550 Sallustius
483 4496 596 4563 quidem
614 4492 752 4564 probavit.
781 4493 877 4549 Livius
896 4500 943 4562 21,
964 4501 1011 4564 27,
1029 4500 1045 4548 2
1065 4493 1147 4550 unius
1166 4495 1223 4549 diei
1241 4494 1259 4549 i.
1279 4493 1297 4548 i.
