3292 5132
296 407 321 461 X
759 403 972 461 PRAEFATIO.

298 592 359 655 que
383 569 557 654 ‘tyrones'.
605 569 651 634 De
674 569 861 636 nominibus
885 569 1077 654 oppidorum
1102 569 1316 654 quorundam,
1339 569 1442 634 veluti

296 659 459 743 Thysdra,
482 657 601 743 Acylla
625 659 663 724 cf.
686 659 750 724 ind.

386 747 436 812 De
460 748 704 832 aspiratione
728 748 761 813 in
784 748 970 812 nominibus
994 748 1124 812 Punicis
1149 749 1323 832 scriptores
1344 748 1441 813 Grae-

297 860 352 904 cos
387 860 424 902 ac
456 837 622 902 Romanos
654 838 688 902 in
721 838 864 902 diversas
896 840 1005 921 partes
1030 838 1215 902 discessisse
1243 861 1342 902 unum
1374 839 1441 903 sive

297 926 471 992 Annibalis
496 928 563 991 sive
582 926 775 991 Hannibalis
796 925 977 1009 exemplum
996 927 1176 991 luculenter
1195 927 1296 993 docet.
1325 926 1441 991 ‘Adru-

299 1016 437 1082 metum'
453 1016 641 1099 scripsimus
656 1039 729 1080 cum
747 1015 778 1080 N
781 1015 944 1098 ipperdeio
964 1016 1142 1100 ceterisque
1158 1016 1347 1101 editoribus,
1366 1017 1442 1100 quia

296 1105 446 1190 plurimis
481 1104 560 1169 locis
598 1105 722 1170 codices
758 1103 988 1188 aspirationem
1021 1105 1177 1170 omittunt
1204 1107 1238 1188 3,
1264 1107 1291 1170 1.
1330 1106 1439 1188 24,1.

296 1195 348 1279 33,
363 1197 392 1259 3.
412 1194 469 1280 43,
493 1193 547 1258 sed
568 1195 653 1279 62,1
674 1193 700 1257 L
719 1193 819 1258 habet
837 1192 1068 1276 Harimetium,
1091 1193 1186 1259 PUF
1206 1193 1441 1279 Hadrimetum,

280 1285 326 1347 'A
349 1283 601 1368 Hadrymetum3
630 1284 718 1366 67,1
748 1284 773 1346 A
799 1282 1050 1366 Hadrymetum,
1080 1284 1171 1364 89,3
1199 1282 1440 1368 Hadrimetum3

297 1395 396 1457 quare
428 1395 529 1456 prope
559 1371 704 1458 paenitet
733 1394 799 1437 non
830 1393 901 1436 eam
931 1371 1071 1436 formam
1101 1373 1220 1455 ubique
1251 1371 1442 1456 restituisse,

298 1484 396 1546 quam
416 1467 448 1526 et
471 1462 697 1544 inscriptiones
717 1465 750 1525 et
771 1461 898 1525 nummi
921 1462 1123 1526 confirmant.
1160 1461 1315 1526 Fortasse
1339 1462 1439 1526 etiam

297 1551 391 1634 47,5
420 1551 470 1616 vel
499 1555 701 1636 repugnante
730 1550 838 1616 codice
862 1551 892 1613 A
921 1550 1126 1614 scribendum
1153 1550 1217 1615 fuit
1240 1549 1441 1614 ‘harundini-

296 1640 390 1725 bus’3
419 1639 607 1705 ‘hordeum'
632 1641 684 1724 67,
704 1642 724 1704 2
748 1661 860 1705 omnes
884 1639 951 1704 fere
976 1640 1052 1703 libri
1076 1643 1209 1705 tuentur
1231 1643 1361 1724 praeter
1382 1638 1440 1704 LP

296 1726 469 1815 (ordeum).
503 1727 670 1814 (habundo
694 1729 714 1793 5
738 1725 823 1814 AL).

384 1817 434 1882 De
458 1818 759 1883 consonantium
779 1817 1044 1902 geminatione
1059 1817 1189 1882 difficile
1202 1818 1302 1882 fuerit
1317 1821 1442 1882 certum

296 1907 443 1991 proferre
468 1906 630 1972 iudicium.
671 1905 758 1971 Nam
778 1908 806 1971 si
829 1929 942 1971 verum
962 1911 1025 1991 ert,
1049 1907 1135 1990 quod
1159 1908 1290 1991 scripsit
1309 1907 1440 1972 Tacitus

297 1997 400 2062 videri
423 1995 574 2061 Asinium
598 1997 682 2061 inter
706 1996 832 2081 Appios
857 2000 890 2059 01
913 1995 1079 2060 Menenios
1102 1995 1263 2080 floruisse,
1287 2018 1353 2061 non
1375 2001 1442 2060 ute-

296 2086 394 2149 batur
406 2087 639 2171 geminatione,
650 2108 746 2170 quam
758 2084 882 2169 primus
893 2084 1018 2150 Ennius
1029 2085 1186 2150 Romanis
1196 2085 1442 2150 commendavit.

295 2173 410 2259 Itaque
433 2173 511 2259 fuit,
534 2197 608 2240 cum
631 2174 782 2239 Asinium
806 2175 839 2238 in
862 2173 903 2240 iis
927 2177 1015 2240 certe
1037 2174 1218 2258 vocabulis,
1243 2176 1280 2239 de
1304 2196 1442 2258 quorum

298 2263 460 2348 scriptura
479 2264 579 2328 etiam
599 2261 763 2329 Ciceronis
783 2263 984 2347 temporibus
1003 2286 1069 2328 non
1084 2264 1233 2328 constitit
1251 2265 1336 2329 inter
1354 2263 1441 2328 viros

297 2353 425 2437 doctos,
447 2356 590 2418 veterem
610 2375 733 2417 morem
753 2357 898 2418 secutum
918 2374 987 2417 esse
1007 2356 1233 2417 statueremus.
1266 2351 1362 2418 Cadit
1379 2353 1442 2417 hoc

297 2444 331 2506 in
354 2442 462 2527 ipsum
486 2441 632 2508 Polionis
656 2463 789 2525 nomen,
818 2441 903 2525 quod
926 2442 960 2505 in
984 2441 1146 2526 lapidibus
1171 2447 1203 2505 et
1226 2464 1304 2523 una,
1333 2444 1366 2506 et
1389 2462 1443 2527 ge-

297 2531 421 2596 minata
449 2533 459 2595 l
490 2532 586 2596 scribi
616 2536 745 2596 constat
773 2529 827 2618 (cf.
856 2530 1051 2614 Brambach,
1080 2530 1233 2614 Orthogr.
1261 2554 1292 2615 p.
1317 2531 1382 2595 260
1410 2533 1442 2594 01

298 2621 332 2686 0.
351 2620 540 2687 Lachmann
568 2621 603 2685 in
631 2625 802 2686 comment.
831 2620 871 2684 ad
893 2618 986 2684 Lucr.
1015 2645 1045 2705 p.
1070 2621 1125 2704 33,
1153 2621 1210 2703 qui
1233 2619 1337 2685 Pollio
1362 2619 1442 2684 adeo

298 2711 453 2775 vitiosum
469 2731 538 2774 esse
554 2707 749 2797 contendit),
768 2732 826 2775 nec
841 2708 1044 2774 diffitendum
1059 2709 1142 2772 hanc
1155 2709 1316 2773 rationem
1331 2708 1442 2773 multis

298 2799 379 2864 locis
404 2799 598 2864 auctoritate
622 2800 768 2864 codicum
796 2798 990 2863 confirmari.
1037 2797 1200 2863 Absoluta
1222 2801 1334 2862 tamen
1357 2820 1442 2862 corn-

297 2887 449 2952 mentarii
478 2888 618 2953 editione
646 2889 694 2953 ita
722 2887 856 2953 fluctare
887 2887 1013 2953 codices
1037 2887 1274 2952 concedendum
1305 2889 1370 2971 est,
1404 2891 1439 2951 ut

297 2977 497 3042 tutissimum
522 2977 565 3040 sit
588 2977 696 3042 neutri
720 2977 900 3042 sententiae
924 2977 1083 3042 accedere.

386 3065 457 3130 Iam
482 3067 666 3150 digeramus
690 3066 863 3151 potissima
887 3088 1040 3151 quaeque.
1081 3065 1131 3131 De
1154 3065 1239 3131 mille
1262 3069 1295 3129 et
1318 3065 1443 3130 mitibus

299 3156 394 3219 silere
422 3159 582 3240 praestat,
614 3178 712 3240 quam
742 3177 793 3219 res
826 3155 1013 3220 decantatas
1043 3155 1197 3241 proferre.
1243 3153 1305 3230 Qui
1333 3161 1443 3218 autem

300 3245 431 3328 scripsit
450 3243 559 3328 Polio,
577 3244 661 3309 idem
678 3245 778 3309 etiam
792 3245 949 3310 Sollertiae
964 3245 1169 3310 scribendum
1184 3266 1254 3308 esse
1270 3243 1444 3328 censuerit3

303 3333 1085 3418 00010101010111ΑΙ18,3.34,1.3,97,1
1111 3335 1144 3398 in
1162 3333 1188 3396 L
1208 3332 1365 3416 scriptum
1385 3336 1444 3414 est,

303 3421 478 3488 Sallustius
502 3423 554 3488 bis
577 3423 658 3488 locis
682 3423 831 3488 omnibus
859 3422 892 3486 in
916 3424 950 3487 P.
988 3423 1076 3505 56,1
1107 3421 1353 3507 praeferendum
1381 3423 1443 3484 erit

299 3513 414 3576 balista
446 3535 517 3577 curn
550 3513 714 3577 codicibus
747 3513 912 3597 plerisque
944 3512 1109 3597 omnibus,
1141 3515 1275 3595 excepto
1303 3511 1443 3575 fortasse

298 3623 363 3666 uno
387 3603 426 3665 A.

390 3690 570 3755 Comminus
601 3694 650 3754 est
679 3691 711 3754 in
736 3690 765 3755 A
791 3692 819 3774 7,
839 3690 867 3754 6.
894 3690 944 3770 18,
963 3691 993 3753 4.
1017 3691 1069 3774 42,
1091 3692 1117 3755 1.
1142 3689 1194 3773 51,
1214 3690 1247 3773 6,
1275 3711 1443 3773 perperam

300 3779 448 3844 cominus
473 3779 506 3842 in
529 3778 570 3863 L3
601 3783 767 3845 comestus
792 3780 824 3842 in
848 3777 876 3842 A
903 3780 969 3863 8,1
995 3776 1085 3865 (bis).
1109 3780 1160 3862 21,
1178 3780 1209 3843 4.
1232 3779 1285 3862 31,
1306 3779 1360 3861 10,
1389 3777 1443 3842 sed

299 3873 373 3934 octo
397 3868 470 3932 aliis
495 3869 573 3932 locis
597 3871 684 3933 recte
708 3875 916 3934 commeatus.

389 3957 566 4039 Oportuaus
588 3958 746 4041 praebent
769 3956 830 4021 AL
856 3958 960 4041 79,1,
987 3958 1108 4040 reppuli
1131 3954 1190 4019 PU
1216 3956 1267 4040 18,
1284 3957 1315 4019 4.
1343 3956 1395 4033 52,
1414 3957 1444 4020 3.

301 4048 354 4130 87,
373 4047 393 4110 5
418 4047 536 4132 (repuli
559 4044 646 4132 AL).
683 4048 775 4112 Litas
796 4044 859 4109 AL
886 4047 961 4129 1,1.
988 4047 1016 4129 7,
1035 4047 1065 4110 2.
1088 4046 1140 4128 23,
1160 4046 1188 4110 3.
1213 4046 1265 4128 62,
1283 4046 1315 4110 4.
1338 4045 1390 4128 80,
1410 4043 1444 4128 5,

300 4134 412 4200 1111010
435 4135 533 4199 iidem
559 4137 609 4219 11,
628 4137 663 4220 2,
687 4136 779 4220 24,4
802 4135 914 4200 1111010
938 4135 982 4219 A,
1005 4135 1100 4200 litore
1123 4134 1163 4217 L3
1194 4135 1311 4198 litterae
1334 4133 1444 4198 decem

298 4223 367 4288 fere
389 4224 469 4290 locis
494 4245 605 4289 omnes
629 4225 769 4309 codices,
792 4228 878 4290 certe
898 4224 1029 4310 optimi,
1053 4245 1197 4307 quosque
1221 4222 1285 4306 ipsi
1307 4221 1444 4287 contuli·

302 4334 388 4396 mua,
411 4312 473 4376 AL
497 4313 565 4378 sine
589 4314 659 4377 ulla
683 4315 879 4396 exceptione.
926 4313 1043 4380 Cotidie
1066 4311 1292 4398 (cotidianus),
1320 4315 1356 4375 ut
1380 4311 1443 4376 cdi-

303 4400 422 4485 dimus,
446 4403 476 4465 A
495 4402 548 4485 21,
568 4404 596 4468 1.
619 4404 671 4486 29,
693 4406 720 4468 1.
745 4404 797 4486 32,
816 4404 845 4468 3.
869 4403 922 4486 36,
942 4405 970 4467 1.
994 4403 1046 4485 61,
1065 4403 1100 4486 6,
1124 4401 1290 4487 geminata
1309 4405 1324 4464 t
1342 4405 1392 4464 ter
1411 4401 1445 4464 in

302 4490 456 4555 extremis
480 4493 705 4556 commentarii
730 4491 890 4576 capitibus
914 4493 966 4577 61,
985 4493 1014 4556 8.
1039 4491 1091 4576 65,
1110 4491 1137 4555 3.
1163 4492 1268 4575 66,1,
1292 4492 1325 4554 01
1347 4489 1395 4554 ita
1417 4489 1444 4554 L
