3292 5132
678 389 755 446 oAP.
775 397 799 446 0.
819 398 843 446 9.
1292 391 1332 455 11

186 557 314 643 regium
330 557 416 620 enim
431 555 615 639 equitatum
631 553 768 638 [Scipio]
794 576 832 618 ex
847 554 1015 639 provincia
1030 555 1142 620 Africa
1156 556 1267 620 alebat
1283 593 1334 641 -,

187 648 284 710 tanta
306 645 455 709 homines
483 666 554 709 esse
583 643 758 727 dementia,
786 647 823 706 01
852 643 968 708 malint
995 644 1083 729 regis
1114 645 1334 725 [0000100011-

187 736 279 821 gales
310 756 408 818 quam
439 755 512 798 cum
543 732 667 797 civibus
699 731 734 796 in
765 733 898 816 [patria]
929 733 994 796 suis
1023 733 1163 797 fortunis
1192 754 1262 797 esse
1286 735 1334 797 in-

187 825 340 888 columes.

151 931 176 998 0,
279 911 314 978 9.
348 909 469 976 Caesar
497 933 525 974 a.
549 910 577 974 d.
601 929 651 974 111.
674 909 758 974 Nou.
780 909 848 975 lan.
873 914 982 975 castra
1010 914 1131 994 movet,
1159 910 1256 994 Lepti
1279 930 1368 977 sex1

188 1001 374 1066 cohortium
402 999 565 1083 praesidio
593 1022 665 1063 cum
694 997 833 1064 Saserna
861 1000 974 1064 relicto
1003 999 1072 1085 ipse
1100 1021 1225 1084 rursus,
1250 1000 1333 1065 unde

188 1091 293 1174 pridie
312 1091 458 1171 venerat,
478 1087 657 1172 Ruspinam
676 1110 747 1152 cum
767 1087 903 1172 reliquis
923 1089 1025 1172 copiis
1045 1091 1206 1154 convertit
1224 1089 1334 1173 ibique

189 1179 327 1244 sarcinis
351 1178 510 1242 exercitus
534 1177 656 1242 relictis
674 1177 745 1261 ipse
768 1200 842 1240 cum
865 1177 1016 1261 expedita
1040 1200 1137 1242 manu
1160 1178 1335 1263 proficisci-

188 1272 244 1332 tur
276 1267 398 1332 circum
429 1267 525 1331 villas
563 1265 799 1330 frumentatum
836 1267 1069 1351 oppidanisque
1107 1269 1261 1352 imperat,
1298 1271 1335 1331 ut

130 1375 170 1423 10
188 1358 315 1440 plostra
351 1356 558 1439 inmaniaque
595 1355 704 1419 omnia
739 1375 771 1420 se
808 1360 993 1440 sequantur.
1061 1355 1176 1442 ltaque
1214 1375 1369 1441 magnos

187 1467 326 1511 numero
348 1445 505 1510 frumenti
528 1445 661 1510 invento
686 1443 865 1528 Ruspinam
888 1445 981 1510 redit.
1022 1445 1095 1509 Huc
1119 1467 1191 1510 eum
1214 1446 1333 1511 idcirco

279 1723 293 1771 1
312 1715 328 1751 ’¹‘
334 1717 452 1788 [Scipio]
471 1718 644 1773 inclusimus:
663 1717 751 1787 scipio
769 1734 819 1772 sec.
834 1735 869 1772 m.
888 1720 960 1773 inter
978 1724 1148 1774 0000000010
1166 1719 1263 1774 alebat
1277 1719 1303 1772 L
1321 1719 1331 1792 ((

186 1797 203 1844 2
218 1789 327 1861 *[0000]
344 1805 393 1844 om.
409 1790 437 1843 A
441 1811 452 1858 ;
465 1789 516 1844 dei.
527 1790 557 1842 D
571 1805 656 1855 eorr.;
670 1805 731 1843 esse
745 1789 819 1858 regis
834 1792 941 1845 1000000
956 1791 1052 1845 ordine
1063 1789 1094 1844 F
1102 1791 1128 1844 V
1139 1793 1148 1861 11
1162 1797 1178 1844 3
1192 1789 1320 1860 *1001010

185 1863 351 1916 inclusimus
369 1863 378 1930 11
392 1862 471 1914 *0010
490 1861 530 1925 L;
549 1859 578 1913 in
598 1860 654 1914 suis
673 1861 703 1914 Ii
719 1861 729 1929 11
747 1866 763 1914 5
784 1863 819 1914 ad
838 1861 914 1927 AL,·
932 1863 966 1928 cs.
986 1863 1024 1916 ed
1042 1868 1069 1928 1,
1090 1867 1105 1915 1
1124 1863 1133 1929 11
1153 1861 1263 1932 Leptim
1283 1861 1307 1914 0
1331 1861 1334 1933 (

186 1949 237 1988 sex
257 1933 300 1999 A,
319 1937 350 1985 01
369 1936 414 2000 55,
432 1937 461 1987 2.
490 1937 536 1998 90,
556 1936 588 1997 3;
615 1931 800 2002 1710019118
819 1933 954 1987 exercitui
972 1932 1155 2000 ALPFV(
1174 1939 1189 1986 9
1209 1934 1332 1987 frumen-

184 2008 304 2072 tumque
319 2001 587 2072 (frumentatumque
597 2003 637 2073 P)
651 2002 802 2072 oppidanis
817 2004 843 2056 L
856 2005 866 2073 1
881 2010 914 2058 1o
928 2005 1037 2072 plostra
1052 2007 1077 2057 A
1086 2003 1149 2057 PF
1158 2005 1196 2070 V;
1211 2005 1337 2074 plaustra

183 2075 216 2200 i}
235 2076 252 2156 ,1
280 2073 342 2146 *00]
361 2075 544 2198 oqdidimos(
563 2079 595 2127 11
614 2075 728 2128 invento
747 2073 882 2130 frumeuti
901 2078 928 2129 A
942 2078 952 2144 11
971 2077 1026 2130 huc
1044 2077 1195 2130 Davisius:
1212 2077 1266 2131 hoc
1287 2075 1337 2147 011

183 2165 195 2200 r
218 2161 293 2200 0000
311 2161 362 2200 om.

276 2374 291 2422 1
304 2367 453 2438 1000100010
466 2366 579 2438 Africo]
600 2367 634 2422 cf.
650 2368 813 2437 Mommsen,
831 2367 896 2422 hist.
915 2367 995 2423 Rom.
1010 2367 1037 2422 V
1055 2374 1107 2424 626
1118 2388 1157 2438 sq.
1178 2401 1212 2410 -
1231 2369 1334 2442 aiebat]

122 2499 131 2510 ¹
185 2449 215 2510 6,
232 2448 245 2493 1
267 2440 410 2508 equitatus
425 2440 526 2492 missus
541 2457 558 2492 a
572 2438 642 2492 iuba
660 2439 696 2492 ad
711 2439 881 2508 stipendium
896 2437 1105 2508 accipiendum
1123 2441 1199 2494 idem
1217 2439 1336 2510 respicit

185 2512 265 2582 quod
288 2511 414 2579 sequitur
436 2509 605 2564 vocabulum
623 2510 784 2579 vectigales.
804 2541 837 2550 -
857 2517 872 2563 2
892 2511 976 2581 repis]
1002 2511 1076 2576 quod
1100 2511 1155 2565 hoc
1177 2528 1282 2566 nomen
1308 2517 1338 2568 et

184 2587 282 2653 ipsum
304 2581 438 2637 Romanis
462 2599 570 2635 summo
595 2579 660 2636 odio
684 2581 739 2635 fuit
762 2582 792 2634 et
809 2581 879 2635 Iuba
901 2599 949 2635 rex
969 2582 1093 2635 omnium
1112 2583 1335 2650 superbissimus.

187 2655 231 2711 Cf.
252 2660 295 2721 51,
314 2660 339 2708 3.
368 2684 401 2694 -
430 2653 623 2723 3100010000]
644 2657 686 2720 51,
706 2659 721 2706 3
745 2671 795 2706 000
818 2651 928 2706 venisse
952 2651 1005 2705 boc
1024 2652 1079 2707 civi
1099 2655 1240 2720 Romano,
1259 2653 1335 2707 inco-

185 2725 261 2780 lumi
274 2726 366 2793 patria
380 2723 556 2793 fortunisque
570 2723 700 2777 omnibns
713 2723 800 2778 Iubae
813 2723 934 2778 barbaro
945 2724 1139 2778 oboedientem
1153 2723 1248 2778 fuisse.
1276 2724 1333 2779 Cic.

187 2797 260 2852 Sull.
281 2802 313 2850 61
334 2795 405 2849 siin
424 2795 501 2850 omni
519 2794 633 2849 fortuna
650 2793 820 2849 incolumem
838 2795 943 2848 babere
962 2811 1018 2849 nou
1036 2797 1195 2865 potuerunt.

280 2868 311 2922 9.
340 2874 355 2922 6
374 2884 436 2921 eom
454 2867 587 2938 Saserna]
606 2868 639 2920 ut
657 2872 700 2934 29,
715 2871 744 2932 2;
765 2870 837 2934 51,1
858 2883 921 2920 cum
936 2865 964 2922 O.
981 2866 1113 2935 Saserna,
1134 2868 1200 2937 quia
1219 2867 1336 2938 opponi-

186 2942 237 2993 tur
255 2938 292 2991 Μ.
317 2937 437 3006 Aquino.
464 2969 500 2978 -
528 2938 731 3008 iituspinam]
755 2940 846 2992 Aucto
869 2938 993 2992 militum
1015 2955 1131 2993 numero
1155 2942 1192 3010 (7,
1212 2943 1239 3010 3)
1265 2941 1336 2994 vires

187 3011 250 3065 iam
269 3009 376 3064 duobus
399 3008 510 3079 oppidis
535 3009 693 3063 obtinendis
717 3008 903 3063 sufficiebant.
942 3009 991 3063 ‘R
1011 3009 1095 3078 etait,
1119 3012 1154 3064 de
1176 3013 1270 3065 tontes
1293 3012 1336 3065 100

189 3081 277 3135 villas
294 3081 452 3135 maritimas
472 3096 526 3148 qne
544 3079 677 3134 l'ennemi
693 3081 854 3150 n'occupait
867 3097 933 3149 pas,
953 3082 981 3135 la
1000 3082 1089 3137 moins
1109 3082 1237 3152 dloignee
1257 3083 1336 3137 dela

190 3152 287 3206 Sicile.
324 3151 386 3206 Ello
406 3151 534 3206 s'elevait
557 3153 574 3203 a
597 3150 766 3206 l'extremitd
789 3153 855 3206 d’un
877 3155 957 3206 vasta
980 3155 1171 3222 promontoire
1190 3153 1337 3208 dominant

188 3226 223 3278 la
240 3225 352 3278 merda
371 3229 406 3277 20
425 3226 443 3276 a
461 3227 495 3276 25
515 3223 628 3290 mitres,
653 3223 691 3276 du
714 3225 785 3276 haut
807 3224 912 3291 duquel
935 3224 964 3276 la
982 3242 1035 3278 vue
1055 3224 1205 3280 s'dtendait
1223 3242 1259 3278 au
1278 3226 1337 3279 loin

189 3299 223 3350 01
237 3295 350 3364 jusqu'a
369 3295 584 3362 Hadrumetum,
604 3295 641 3347 du
661 3296 723 3348 0610
742 3311 793 3362 par
811 3296 848 3347 od
866 3295 908 3347 100
928 3293 1040 3348 convois
1060 3293 1193 3350 devaicnt
1210 3297 1334 3351 arriver.’

191 3365 412 3420 810110111116.
431 3397 466 3406 -
486 3367 627 3436 concedit]
648 3365 735 3420 absol.
755 3391 789 3409 =
809 3381 839 3418 00
858 3365 997 3419 convertit
1016 3367 1070 3434 (21,
1087 3371 1109 3419 1.
1134 3372 1178 3435 83,
1193 3373 1220 3436 2)
1239 3370 1289 3422 aut
1304 3393 1336 3412 =

189 3439 248 3492 iter
267 3435 408 3492 convertit
426 3435 515 3506 (Caes.
536 3442 560 3504 7,
581 3443 627 3504 56,
647 3439 674 3506 2)
693 3437 769 3504 quod
788 3436 993 3490 substantivum
1012 3439 1078 3504 post
1097 3437 1269 3492 ‘convertit’
1291 3456 1337 3492 ex-

191 3509 287 3562 cidere
313 3508 432 3576 peteret.
452 3538 487 3548 -
512 3512 528 3561 8
547 3524 615 3562 sure.
636 3507 750 3577 relictis]
773 3507 870 3561 Stoffel
888 3506 914 3559 Il
933 3511 997 3561 289:
1028 3507 1069 3561 De
1094 3510 1157 3562 tous
1181 3508 1222 3562 100
1241 3526 1337 3578 cumps

191 3579 313 3647 occupes
333 3583 389 3648 'par
412 3579 455 3634 100
481 3579 588 3634 armies
614 3580 648 3632 de
676 3575 772 3644 Cesar,
798 3579 819 3632 il
842 3579 906 3632 n'en
931 3580 975 3631 001
997 3596 1049 3647 pas
1068 3579 1102 3633 de
1122 3581 1338 3648 comparablea

191 3650 268 3705 celui
294 3651 327 3704 de
354 3651 479 3720 Ruspina
504 3667 568 3704 sous
593 3649 620 3704 10
646 3650 762 3719 rapport
788 3650 822 3703 de
845 3650 875 3703 la
900 3647 976 3703 force
1001 3649 1051 3704 des
1075 3667 1211 3720 ouvrages
1235 3651 1265 3704 01
1289 3652 1337 3705 des

191 3722 336 3791 defensas,
355 3721 403 3790 qui
420 3740 440 3790 y
458 3721 551 3776 furent
570 3721 753 3798 accumulem.
777 3751 812 3761 -
835 3723 963 3791 9011100]
984 3721 1018 3776 01.
1038 3722 1074 3775 ad
1094 3727 1136 3789 65,
1157 3727 1180 3776 1.
1217 3719 1338 3792 Nomen,

191 3810 250 3862 quo
273 3792 330 3846 iam
353 3793 476 3847 Fannius
503 3795 531 3846 et
555 3790 672 3846 Sisenna
692 3792 739 3858 ,usi
762 3795 838 3860 suut,
865 3793 976 3846 videtur
1000 3809 1060 3847 0000
1080 3793 1285 3849 deminutivum
1304 3821 1338 3840 ==

192 3864 282 3932 viola,
301 3867 333 3917 ui
352 3863 501 3932 pauculus,
521 3864 653 3932 pauclus,
671 3864 790 3933 paullus.
828 3865 869 3916 De
888 3865 997 3917 mutato
1012 3881 1114 3934 genere
1135 3866 1169 3919 cf.
1184 3865 1268 3921 Arch.
1284 3866 1338 3920 lex.

190 3937 244 3990 lat.
263 3934 302 3988 lv
318 3941 368 3989 180
378 3953 437 4003 sqq.
474 3934 562 3989 Varro
580 3933 649 4004 ling.
669 3937 718 3990 101.
737 3941 762 4004 5,
778 3939 811 3988 35
831 3952 887 4003 qua
905 3935 1059 4003 vehebant,
1079 3935 1142 3990 viae
1161 3935 1262 4005 dictae,
1282 3954 1338 4004 quo

190 4007 303 4060 fructus
330 4007 536 4074 convehebant,
564 4006 663 4072 villae3
691 4006 728 4059 id.
752 4025 773 4060 r.
792 4010 860 4060 rust.
882 4013 910 4073 l,
929 4013 958 4073 2,
980 4013 1013 4059 14
1036 4008 1139 4061 vellam
1162 4026 1218 4062 000
1240 4008 1338 4061 villam

192 4077 305 4148 (rustici
318 4079 487 4146 appellant),
509 4095 564 4146 quo
578 4079 684 4144 vehunt
698 4078 727 4130 et
740 4077 813 4130 uude
828 4078 941 4131 vehunt.
970 4075 1101 4132 Fortasse
1120 4079 1156 4132 ad
1174 4079 1339 4132 femininam

193 4148 364 4203 deminutivi
382 4149 502 4203 formam
521 4147 734 4218 confugiebant,
757 4163 792 4200 ne
815 4147 899 4201 villus
924 4148 1140 4203 confunderetur
1164 4165 1227 4203 oum
1246 4151 1339 4220 vilius,

192 4220 273 4286 villi,
296 4238 382 4274 masc.
403 4224 448 4290 (=
467 4220 552 4289 pilus)
574 4222 623 4272 aut
642 4236 705 4274 cum
724 4218 826 4285 vellus,
850 4217 915 4285 eris,
939 4237 966 4271 0,
996 4250 1029 4258 -
1061 4225 1093 4272 10
1107 4221 1229 4292 plostra]
1248 4223 1340 4276 forma

192 4291 322 4359 vulgaria
345 4308 395 4360 pro
417 4292 574 4360 plaustrum
593 4295 636 4359 21,
656 4296 681 4344 2.
711 4293 752 4356 15,
773 4295 803 4356 3;
829 4287 1002 4355 0111611100,
1027 4291 1089 4344 Act.
1114 4291 1339 4360 Erlaug.1371.

194 4364 455 4432 -000000001001
481 4362 639 4416 addidimus
661 4377 816 4429 pronomen
840 4359 903 4415 coll.
929 4366 971 4426 12,
991 4367 1007 4412 2
1032 4359 1113 4415 iubet
1132 4364 1291 4431 equitatum
1310 4383 1339 4420 00

193 4435 343 4503 000000οἰ1
367 4441 409 4500 31,
429 4439 445 4486 2
464 4433 544 4487 iubet
561 4432 687 4502 legiones
707 4447 737 4485 00
756 4431 903 4500 consequi3
927 4437 969 4498 66,
990 4438 1003 4484 1
1025 4432 1146 4502 imperat
1165 4435 1290 4504 legiones
1311 4454 1340 4491 se

192 4507 345 4562 veteranas
364 4505 456 4572 sequi;
476 4511 518 4574 63,
539 4510 562 4558 1.

249 4603 341 4645 Bellum
355 4603 467 4646 Africum.
1111 4600 1127 4649 2
