3292 5132
602 377 817 434 PRAEFATIO.
1219 381 1284 435 XIX

145 543 263 630 parari'
285 543 442 608 haerebat
463 542 636 626 interpres,
659 564 732 606 cum
756 542 794 605 de
816 561 928 626 pugna
950 563 1048 624 supra
1069 565 1137 608 non
1160 543 1280 609 dictum

146 638 240 718 osset3
267 634 374 699 omnia
398 631 634 748 autemxplana
657 633 765 715 erunt,
794 631 989 714 simulatque
1016 653 1090 696 cum
1117 632 1227 697 codice
1249 631 1280 696 A

146 744 316 806 pronomen
339 719 506 786 deleveris,

226 813 278 892 21,
300 813 320 875 2
344 809 471 876 saucios
493 809 585 873 iubat
607 809 640 872 in
664 807 797 893 plostris
820 809 965 891 dclipotos
987 806 1203 876 Adrumatum
1228 811 1281 875 de-

143 901 273 984 portari]
299 921 356 964 our
378 898 586 983 participium
609 897 728 961 dudum
756 898 790 961 in
814 897 1030 981 suspicionem
1053 903 1204 963 vocatum
1228 902 1280 983 sit,

145 989 276 1054 diximus
303 989 339 1052 in
373 986 597 1070 adnotatione,
626 1008 677 1050 res
710 986 791 1050 bene
820 1008 855 1050 se
887 987 1037 1070 haberet,
1069 987 1098 1052 si
1125 988 1281 1072 scriptum

145 1083 224 1142 esset
247 1076 391 1142 ‘saucios
415 1074 665 1160 obligatosque'.
711 1073 805 1140 Nunc
828 1097 867 1139 ex
890 1075 998 1141 codice
1018 1080 1047 1140 A
1070 1077 1278 1162 participium

145 1189 162 1230 a
182 1169 361 1252 glossatore
385 1164 530 1231 additum
553 1185 623 1228 esse
646 1167 747 1248 patet.

226 1257 278 1339 26,
298 1258 318 1320 3
343 1254 488 1319 Africam
502 1254 698 1336 wocinciam
717 1253 835 1336 perire]
857 1253 961 1317 adhuc
979 1275 1046 1317 non
1065 1254 1278 1320 sollicitatum

145 1348 202 1427 est,
229 1348 428 1429 quamquam
455 1341 603 1407 Africam
630 1364 687 1424 per
713 1346 820 1407 totum
847 1343 1116 1407 commentarium
1145 1365 1211 1408 non
1241 1345 1279 1408 de

144 1433 233 1497 tertia
255 1437 350 1518 parte
373 1435 492 1516 terrae,
520 1435 557 1495 ut
581 1429 756 1496 Sallustius
781 1430 840 1510 ait,
869 1431 925 1495 sed
953 1432 992 1496 de
1020 1433 1188 1516 provincia
1215 1432 1279 1497 Ro-

144 1544 245 1606 mana,
270 1522 316 1585 .id
349 1525 399 1586 est
430 1521 470 1585 dc
503 1541 582 1604 agro
615 1520 693 1584 olim
726 1518 988 1605 Carthaginiensi
1027 1521 1090 1585 dici
1122 1522 1277 1586 videmus.

144 1610 219 1675 (lum
249 1616 359 1675 autem
388 1611 423 1674 in
450 1607 482 1672 A
513 1606 746 1694 ‘provinciam'
776 1609 931 1674 omissum
963 1609 1019 1694 sit,
1048 1610 1138 1674 nullo
1168 1633 1281 1677 sensus

143 1700 329 1765 detrimento
353 1698 483 1764 brevior
506 1699 544 1762 fit
567 1700 681 1764 oratic.

224 1791 276 1873 29,
295 1790 317 1853 3
341 1790 407 1854 eius
429 1788 604 1871 equitatus,

223 1879 276 1962 31,
301 1880 319 1942 7
350 1880 532 1942 castrorum
559 1882 649 1959 atquc
675 1876 757 1942 valli
784 1876 1025 1963 fossarumque]
1061 1877 1280 1963 polysyndeto

143 1971 221 2032 certe
243 1989 310 2032 non
333 1987 415 2050 opus
440 1970 519 2030 erat.

221 2057 305 2141 41,3
320 2055 356 2119 in
371 2059 545 2139 conspectu
553 2056 676 2137 patenti
690 2053 961 2138 adversariorum]
977 2056 1186 2141 participium
1200 2057 1236 2121 in
1250 2056 1281 2122 A

143 2145 291 2210 omissum
306 2145 468 2209 refutatur
482 2143 581 2209 etiam
595 2143 674 2208 locis
690 2144 853 2209 similibus
867 2145 900 2208 iu
921 2145 1129 2211 adnotatione
1144 2145 1280 2211 collatis.

222 2235 275 2318 48,
294 2235 315 2298 3
341 2238 415 2298 ante
439 2233 613 2298 adventum
635 2232 745 2316 Iubae]
771 2234 924 2317 quoniam
948 2257 1047 2319 supra
1069 2235 1109 2298 de
1133 2239 1279 2320 expecta·

142 2322 222 2387 tione
249 2324 418 2408 copiarum
449 2323 612 2408 regiarum
641 2322 761 2387 dictum
792 2328 876 2408 erat,
907 2323 1063 2388 adventus
1090 2345 1148 2408 per
1172 2346 1206 2388 se
1229 2324 1277 2388 in-

141 2412 305 2496 tellegitur
328 2411 437 2477 lubae.

223 2502 316 2587 77‚1
346 2523 414 2565 rem
442 2501 523 2566 mole
550 2504 676 2584 gestam
705 2501 833 2582 docent]
864 2501 950 2584 quod
980 2501 1079 2565 verba
1108 2501 1204 2566 rebus
1232 2523 1281 2566 re-

142 2597 296 2675 pugnant,
330 2589 502 2655 emendare
533 2590 642 2654 conati
675 2593 764 2674 sunt,
796 2611 869 2653 oum
901 2593 1008 2654 autem
1040 2588 1125 2654 ‘rem
1153 2593 1280 2673 gestam

142 2677 332 2762 proponere'
362 2679 405 2743 sit
428 2679 597 2744 sollemnis
620 2678 743 2744 locutio
768 2676 899 2743 (lassari
922 2682 1080 2763 usurpata
1103 2681 1136 2742 et
1158 2677 1280 2744 omisso

143 2769 287 2834 adverbio
302 2770 413 2833 omnia
428 2768 653 2853 expediantur,
675 2767 857 2852 apartibus
873 2767 992 2833 codicis
1007 2768 1036 2830 A
1052 2768 1204 2832 standum
1219 2771 1278 2832 est.

223 2859 275 2942 85,
295 2857 317 2922 5
342 2858 440 2922 armis
464 2859 602 2922 dimissis
625 2857 859 2943 salutationem
879 2857 1003 2922 faciunt
1025 2855 1128 2944 (AL).

222 2948 279 3032 91,
310 2948 327 3011 1
372 2946 429 3010 ubi
462 2945 674 3030 domicilium,
710 2945 876 3031 coniuges,
912 2946 1092 3028 liberosque
1123 2946 1279 3027 habebat]

143 3035 316 3118 asyndeton
338 3035 528 3100 trimembre
552 3057 589 3098 eo
609 3035 714 3120 magis
738 3034 987 3119 praeferendum
1007 3039 1069 3118 est,
1095 3035 1181 3119 quod
1206 3035 1280 3100 aliis

143 3145 262 3208 quoque
287 3124 367 3189 locis
387 3145 463 3208 que,
487 3128 519 3188 et
542 3124 701 3189 similias
720 3125 934 3208 grammatico
953 3123 1078 3189 inserta
1102 3145 1175 3188 osse
1193 3146 1280 3188 com-

142 3214 266 3294 probari
289 3217 409 3297 potest.

224 3301 308 3366 Hinc
329 3302 500 3367 aestimare
520 3301 611 3382 licet,
630 3324 728 3386 quam
747 3301 875 3367 diversa
893 3301 1004 3366 futura
1025 3305 1111 3368 esset
1130 3325 1149 3366 a
1168 3304 1281 3366 nostra

143 3392 360 3456 commentarii
383 3391 525 3475 indoles,
553 3391 580 3454 si
603 3391 729 3455 codices
753 3389 871 3455 litteris
895 3390 1078 3455 uncialibus
1102 3389 1217 3474 scripti
1240 3391 1279 3454 ad

141 3484 281 3545 nostram
306 3483 449 3545 aetatem
472 3479 704 3563 pervenissent.
746 3479 887 3543 Multum
906 3484 1017 3544 tamen
1039 3479 1074 3543 in
1093 3479 1278 3564 detegendis

143 3569 343 3652 glossematis
366 3569 572 3654 proficiemus
597 3569 705 3634 codice
724 3568 888 3653 Leidensi,
911 3568 1000 3633 cuius
1026 3568 1132 3633 scriba
1158 3568 1280 3654 glosse-

142 3662 223 3722 mata
241 3681 261 3724 a
280 3657 494 3744 grammatico
514 3661 571 3722 aut
585 3659 619 3723 in
638 3657 785 3742 margine
801 3658 970 3742 archetypi
985 3660 1042 3722 aut
1061 3657 1147 3721 inter
1165 3679 1277 3722 versus

145 3746 304 3833 adscripta
327 3751 414 3813 recte
445 3747 625 3813 omittenda
653 3769 722 3812 esse
745 3746 836 3814 vidit.
883 3745 964 3812 (lum
988 3747 1074 3810 enim
1097 3746 1201 3810 multa
1225 3769 1278 3810 vo-

141 3835 251 3900 cabula
275 3837 385 3902 absint
408 3859 427 3901 a
451 3836 558 3900 codice
582 3837 626 3919 A,
655 3859 736 3921 quae
765 3857 898 3921 prorsus
928 3857 1167 3919 supervacanea
1197 3839 1281 3917 sunt,

140 3944 173 3987 eo
196 3926 301 4010 magis
325 3926 405 3990 haec
428 3947 494 3989 non
518 3948 575 4009 per
594 3925 774 3990 socordiam
798 3926 919 3990 omissa
938 3947 1009 3989 esse
1029 3928 1178 4009 apparet,
1204 3923 1281 4008 quia¹

139 4011 169 4075 in
190 4013 241 4078 his
259 4015 340 4080 locis
358 4014 443 4078 idem
461 4015 724 4098 interpolationis
744 4035 844 4099 genus
860 4035 1033 4098 agnoscas,
1054 4014 1139 4096 quod
1159 4012 1280 4076 collato

140 4101 240 4168 codice
273 4102 304 4167 A
337 4103 614 4187 deprehendimus.
668 4103 775 4188 Igitur
812 4103 955 4168 adiectae
993 4106 1069 4167 sunt
1101 4100 1280 4186 particulae

123 4203 125 4208 '
141 4192 353 4274 copulativae:

220 4281 318 4364 26,3
346 4280 491 4346 Africam
520 4282 637 4366 perire,
664 4280 868 4361 funditusque
896 4279 1011 4362 everti,
1045 4277 1104 4365 35,
1127 4278 1150 4342 4
1178 4277 1218 4342 ad
1248 4281 1282 4342 te

140 4367 295 4434 voluimus
318 4371 353 4434 in
375 4366 503 4458 (emeud.
526 4367 628 4456 intra)
652 4373 766 4452 tuaque
788 4368 952 4453 praesidia
974 4368 1166 4453 confugere3
1189 4368 1280 4451 47,2

141 4455 363 4540 [procedendo]
388 4460 580 4543 propiusque
603 4461 731 4524 hostem
756 4458 949 4542 accedendo,
977 4455 1075 4542 54,4
1098 4457 1184 4540 quod
1208 4507 1215 4522 .
1240 4507 1247 4521 .

1030 4560 1069 4613 b*
