3292 5132
324 339 429 395 XXXII
788 337 1008 396 PRAEFATIO.

326 503 467 568 multum
491 502 645 567 abhorret
664 503 705 566 ab
727 502 899 587 Asinian03
923 501 977 566 sed
1000 524 1041 565 ne
1060 501 1192 566 Hirtio
1217 503 1354 586 quidem,
1373 526 1470 588 quem

327 591 520 656 Suetonium
556 591 658 656 secuti
694 588 786 678 (Div.
814 590 874 656 Iul.
903 591 946 656 56
983 591 1195 655 Alexandrini
1233 591 1400 676 Africique
1438 600 1471 657 et

324 680 553 765 Hispaniensis
581 681 724 744 incertus
754 684 867 744 auctor
898 683 961 763 est,
994 678 1050 744 alii
1079 680 1220 764 Oppium
1252 684 1384 764 putant,
1414 681 1470 745 alii

325 769 485 853 Hirtium,
509 769 565 853 qui
589 771 688 833 etiam
711 768 827 834 Gallici
850 769 974 834 bellum
996 768 1209 833 novissimum
1232 769 1473 852 imperfectum-

326 880 386 941 que
410 858 531 922 librum
550 855 762 944 suppleverit)
782 862 946 922 auctorem
970 879 1040 921 esse
1061 857 1244 944 perhibent,
1262 858 1381 922 librum
1400 859 1469 922 vin·
1498 925 1501 932 ,

325 949 432 1012 1118818
455 946 575 1011 licebit.
621 946 766 1010 Primum
795 947 896 1029 enim,
924 967 996 1010 cum
1025 947 1217 1030 scriptorem
1245 948 1343 1011 rebus
1371 949 1470 1011 inter-

325 1037 426 1101 fuisse
456 1035 588 1120 quaevis
620 1035 743 1120 pagina
775 1035 902 1118 doceat,
929 1034 1057 1099 Hirtius
1085 1035 1116 1100 b.
1142 1033 1226 1099 Gall.
1246 1037 1280 1119 8,
1306 1037 1406 1120 praef.
1436 1058 1471 1100 se

326 1146 430 1208 neque
445 1124 664 1188 Alexandrino
683 1146 787 1208 neque
800 1123 956 1188 Africano
975 1124 1063 1188 bello
1082 1123 1267 1188 interfuisse
1286 1125 1470 1211 profitetur3

326 1214 440 1278 deinde
464 1234 567 1297 genus
591 1212 717 1278 dicendi
739 1217 811 1279 toto
834 1213 924 1277 caelo
948 1212 1058 1298 distat,
1077 1235 1115 1278 ac
1138 1213 1278 1278 maxime
1302 1213 1470 1297 utriusque

324 1303 495 1387 scriptoris
519 1301 613 1386 eopia
637 1302 818 1367 verborum.

476 1441 603 1510 Bellum
626 1443 783 1512 1111181118.
988 1440 1025 1510 Β.
1049 1441 1132 1510 Gall.
1151 1442 1240 1510 VIII.
1286 1441 1322 1509 B.
1346 1442 1440 1511 Alex.
1506 1457 1507 1461 ’

327 1551 494 1636 suppetiae
519 1551 674 1635 septiens,
964 1572 1133 1634 nusquam.

328 1640 486 1706 convallis
511 1640 717 1726 quinquiens,
965 1640 1060 1705 vallis
1084 1640 1220 1705 deciens.

326 1732 520 1794 convulnero
543 1730 690 1814 noviens,
965 1729 1107 1809 vulnero,
1131 1732 1168 1794 ut
1192 1751 1242 1812 ap.
1266 1726 1357 1794 Gaes.

326 1819 485 1884 contendo
510 1840 575 1902 seq.
598 1818 655 1882 181.
678 1817 813 1897 1181888,
964 1840 1133 1902 nusquam.

327 1907 456 1972 adorior
480 1907 606 1972 deciens
630 1912 757 1992 quator,
965 1907 995 1970 b.
1020 1905 1105 1972 Gall.
1125 1908 1155 1992 8,
1173 1908 1215 1972 34
1240 1903 1371 1994 (Polio).

327 1996 500 2082 aggredior
522 2019 695 2081 nusquam,
965 1995 1091 2061 deciens
1115 2001 1238 2081 quater.

326 2085 458 2171 grandis
482 2085 638 2169 septiens,
966 2105 1113 2170 magnus.

328 2175 438 2238 subito
461 2173 584 2239 viciens
608 2176 672 2258 bis,
965 2197 1136 2259 nusquam.

327 2267 460 2348 repente
482 2285 656 2346 nusquam,
967 2263 1093 2329 deciens
1118 2263 1252 2328 sexiens.

326 2356 502 2437 postquam
525 2352 657 2416 triciens
682 2355 810 2435 quater,
966 2374 1032 2417 non
1056 2352 1177 2438 legitur
1201 2351 1284 2416 Gall.
1305 2349 1393 2417 VIII.

325 2442 413 2506 infin.
436 2441 513 2506 hist.
536 2440 603 2505 fere
627 2440 748 2506 viciens
772 2444 900 2524 quater,
965 2462 1135 2524 nusquam.

415 2549 531 2632 Itaque
556 2547 762 2634 grammatici
790 2548 838 2611 illi
867 2548 917 2612 vel
946 2549 1127 2631 quicunque
1153 2547 1298 2629 fuerunt,
1322 2545 1362 2610 ad
1390 2567 1473 2629 quos

328 2637 502 2703 Suetonius
516 2642 683 2722 provocat,
696 2636 842 2702 Hirtium
861 2639 983 2702 18111818
997 2637 1083 2702 hunc
1102 2638 1221 2701 librum
1241 2635 1474 2718 conscripsisse

326 2727 529 2792 crediderunt
560 2747 620 2791 nec
653 2727 760 2791 minus
793 2748 980 2811 perversum
1008 2748 1108 2791 unum
1141 2725 1340 2808 eundemque
1371 2723 1473 2788 fuisse

327 2816 407 2880 belli
437 2814 663 2898 Alexandrini,
692 2815 808 2896 Africi,
839 2815 1067 2900 Hispaniensis
1099 2819 1274 2880 auctorem.
1320 2811 1353 2876 Si
1387 2835 1473 2895 vero,

329 2905 413 2987 quod
437 2904 509 2968 luce
533 2905 651 2968 clarius
674 2907 737 2987 est,
760 2904 893 2968 illorum
917 2905 1078 2969 sententia
1107 2905 1144 2968 in
1170 2926 1259 2968 mera
1287 2901 1474 2967 coniectura

329 2993 438 3076 posita
461 2996 540 3076 erat,
558 2992 704 3076 Oppius
728 3014 856 3077 quoque
880 2993 1075 3078 abiciendus,
1098 3015 1171 3058 cum
1193 2992 1386 3077 praesertim
1403 2990 1472 3054 illis

327 3081 530 3166 temporibus
553 3081 676 3145 Romae
699 3081 818 3146 vixisse
840 3081 997 3148 videatur.

418 3171 507 3246 Quae
525 3193 597 3235 cum
617 3171 664 3235 ita
682 3168 757 3255 sint,
778 3170 862 3236 nihil
880 3172 947 3236 1818
964 3175 1095 3242 8088181
1108 3170 1172 3235 8181
1189 3170 1291 3235 fuisse
1306 3174 1470 3235 auctorem

328 3259 552 3324 commentarii
585 3264 618 3323 et
652 3261 779 3344 priscae
816 3260 972 3325 orationis
1005 3265 1038 3332 81
1069 3264 1238 3344 poetarum
1276 3259 1471 3342 studiosum3

327 3349 483 3413 virtutem
505 3349 603 3412 etiam
628 3350 804 3414 oratoriam
828 3350 891 3415 loci
915 3350 1102 3433 ostendunt,
1131 3348 1241 3433 quales
1265 3353 1342 3413 sunt
1367 3348 1425 3431 10,
1447 3349 1472 3411 4

327 3437 381 3501 hic
417 3437 667 3521 adquiescebant
700 3442 733 3502 81
763 3439 798 3503 18
834 3439 902 3504 8188
944 3439 1077 3503 scientia
1118 3442 1151 3502 et
1191 3436 1326 3503 consilio
1363 3435 1474 3502 omnia

329 3527 391 3591 sibi
414 3526 568 3610 proclivia
592 3549 703 3592 omnes
726 3527 797 3592 fore
820 3528 1007 3613 sperabant3
1030 3529 1088 3610 48,
1107 3528 1127 3591 3
1150 3527 1210 3610 ita,
1233 3548 1331 3610 quam
1355 3526 1471 3590 absens

327 3615 488 3681 habuerat
511 3617 750 3700 auctoritatem,
779 3639 850 3680 eam
878 3638 1005 3680 ornnem
1031 3637 1183 3700 praesens
1207 3615 1388 3699 dimiserat3
1412 3620 1471 3678 aut

328 3705 378 3768 illi
401 3707 478 3786 loci,
509 3706 623 3788 quibus
652 3707 787 3770 eandem
815 3706 1009 3769 sententiam
1039 3705 1088 3770 bis
1116 3705 1276 3788 expressit
1303 3708 1336 3768 et
1363 3705 1470 3769 forma

329 3792 526 3857 affirmativa
545 3797 578 3857 81
598 3795 752 3878 negativa
770 3791 824 3880 (cf.
844 3794 884 3858 ad
908 3796 938 3879 1,
955 3791 1000 3880 2).
1040 3793 1116 3859 Non
1135 3794 1238 3858 dicam
1258 3793 1296 3857 de
1316 3797 1470 3878 quattuor

328 3881 530 3948 orationibus
560 3904 650 3967 capp.
669 3883 721 3946 22.
749 3884 801 3948 35.
830 3883 880 3948 45.
905 3883 948 3948 54
976 3883 1208 3948 commentario
1234 3882 1379 3967 insertis,
1412 3881 1469 3946 sed

329 3971 383 4056 qui
409 3976 571 4035 oratorem
604 3970 667 4036 hoc
696 3972 856 4057 principio
884 3995 978 4037 usum
1008 3972 1146 4036 induxit:
1178 3970 1319 4036 Maxime
1351 3971 1468 4036 vellem

400 4060 455 4124 sed
480 4061 647 4145 quoniam,
669 4060 697 4123 is
721 4060 790 4145 ipse
814 4060 877 4124 fuit
905 4061 1073 4127 rhetorum
1101 4065 1188 4124 artes
1212 4061 1358 4144 edoctus,
1386 4060 1470 4125 818111

329 4150 537 4235 exposuimus
565 4149 600 4213 in
627 4148 845 4215 adnotatione.
892 4149 939 4216 cf.
963 4151 1003 4215 H.
1032 4149 1174 4216 Schnorr
1209 4150 1247 4213 de
1276 4147 1470 4215 Garolsfeld:

327 4237 438 4303 Reden
456 4240 508 4303 bei
528 4236 658 4303 Sallust.
682 4238 768 4322 Lips.
789 4240 883 4306 1888.
907 4262 960 4326 pg.
980 4241 1031 4304 64.
1077 4239 1121 4303 nt
1140 4238 1291 4324 quoniam
1309 4237 1347 4303 G.
1366 4237 1469 4303 Land-

328 4326 405 4412 graf
424 4351 455 4410 p.
478 4329 531 4392 39.
553 4328 597 4392 40
621 4328 745 4411 aliquot
768 4351 806 4392 ex
834 4329 1066 4394 commentario
1088 4334 1201 4393 nostro
1229 4327 1394 4413 congessit
1417 4350 1471 4392 vo-

328 4416 444 4481 cabula
462 4437 587 4500 graeca,
606 4417 723 4500 trieris,
742 4417 893 4502 penteris,
912 4422 1112 4502 catascopus,
1135 4418 1276 4501 epibata,
1294 4439 1386 4502 pyra,
1404 4439 1470 4481 non
