3312 5130
631 1323 973 1398 APPENDIX.

749 1503 856 1511 ——-——.

314 1627 364 1691 De
399 1626 485 1690 bello
521 1624 634 1690 Africo
667 1629 797 1709 praeter
828 1626 924 1690 huius
954 1626 1179 1691 commentarii
1208 1631 1373 1692 auctorem

222 1718 426 1801 seripserunt
448 1714 643 1779 Plutarchus
668 1717 702 1779 in
729 1713 807 1780 vitis
833 1712 980 1779 Caesaris
1010 1721 1042 1779 et
1071 1714 1204 1780 Catonis
1229 1717 1373 1797 minoris,

222 1807 396 1889 Appianus
420 1804 497 1869 bell.
526 1804 586 1868 civ.
614 1803 699 1868 libro
722 1802 756 1867 II
785 1826 855 1888 cap.
879 1804 1048 1889 95-100,
1077 1805 1257 1869 accuratius
1280 1805 1374 1870 libris

222 1893 319 1958 XLII
343 1900 376 1958 et
397 1891 506 1957 XLIII
530 1892 593 1957 Dio
618 1891 764 1975 Cassius,
794 1893 832 1956 de
856 1893 972 1977 quibus
997 1893 1081 1956 infra
1105 1894 1301 1979 singillatim
1325 1895 1373 1958 di-

224 1984 364 2048 cendum
398 1982 473 2065 erit3
507 1981 681 2065 Velleium,
714 1981 863 2066 Florum,
897 1981 1088 2047 Suetonium
1120 1981 1168 2069 (in
1199 1983 1268 2048 vita
1297 1983 1373 2048 Divi

224 2071 317 2158 Iulii)
342 2072 441 2136 semel
465 2071 651 2136 nominasse
680 2070 831 2153 sufficiet3
863 2072 949 2155 quod
978 2075 1085 2135 autem
1115 2073 1150 2135 in
1177 2071 1251 2138 Tito
1279 2072 1372 2137 Livio

225 2163 410 2245 amisiurus,
434 2183 548 2245 parum
571 2165 725 2244 reparent
748 2160 884 2246 exiguae
907 2159 1065 2225 librorum
1090 2159 1198 2225 CXIII
1217 2165 1250 2225 et
1269 2160 1374 2226 CXIV

223 2250 409 2335 periochae.

320 2338 366 2403 Ae
390 2337 503 2402 Polio
528 2338 672 2422 quidem,
696 2360 776 2423 quae
800 2338 862 2403 hoc
880 2338 991 2403 libello
1012 2336 1158 2402 Caesaris
1178 2339 1246 2403 sive
1264 2340 1373 2422 potius

225 2427 332 2493 Hirtii
356 2427 464 2512 gratia
488 2428 672 2512 conscripto
696 2431 884 2512 persecutus
909 2431 971 2512 est,
994 2426 1099 2492 fusius
1119 2427 1204 2491 idem
1224 2429 1375 2513 exposuit

224 2518 261 2582 in
286 2516 495 2581 historiarum
519 2515 611 2580 libris
636 2517 804 2600 aliquanto
832 2519 908 2600 post
935 2515 1044 2599 editis3
1076 2515 1228 2599 quicum
1252 2519 1374 2581 maiore

226 2629 306 2672 cura
330 2604 503 2688 compositi
526 2608 635 2670 essent
661 2610 694 2670 et
717 2605 884 2690 scriptoris
912 2605 1043 2670 nomine
1071 2606 1104 2668 in
1132 2603 1241 2668 fronte
1265 2605 1373 2687 posito

227 2695 414 2780 legentibus
439 2694 669 2778 commendeti,
696 2694 843 2759 homines
867 2698 952 2778 tum,
981 2693 1036 2778 qui
1060 2693 1289 2758 auctoritatem
1314 2694 1374 2759 Po-

226 2786 325 2850 tionis
346 2787 378 2847 et
401 2783 463 2847 viri
482 2783 686 2868 integerrimi
705 2786 738 2847 et
756 2783 851 2848 testis
871 2784 991 2848 oculati
1006 2783 1139 2846 maximi
1155 2784 1374 2868 aestimarent,

227 2874 373 2959 pleniore
395 2872 505 2955 potius
524 2873 710 2936 narratione
729 2894 805 2937 usos
825 2894 895 2936 esse
915 2875 1174 2937 consentaneum.
1210 2869 1271 2936 Sed
1291 2873 1374 2937 inter

229 2961 499 3028 commentarium
523 2967 556 3025 et
577 2961 788 3026 historiarum
807 2961 909 3025 libros
934 2961 1021 3026 aliud
1041 2983 1168 3046 quoque
1193 2961 1374 3045 discrimen,

230 3051 316 3136 quod
339 3050 425 3114 haud
451 3051 518 3115 scio
547 3072 588 3114 an
617 3051 720 3115 maius
749 3050 805 3134 sit,
829 3051 1027 3136 intercedere
1051 3049 1203 3116 videmus.
1243 3049 1375 3116 Scilicet

228 3140 376 3223 Asinius,
408 3140 464 3224 qui
494 3137 627 3204 Caesari
657 3140 731 3204 vivo
762 3143 848 3204 esset
877 3139 1094 3205 amicissimus
1125 3145 1158 3204 et
1187 3139 1374 3225 fidissimus,

229 3234 345 3314 postea
375 3229 423 3292 ita
452 3228 493 3292 ab
522 3228 590 3292 eius
618 3232 652 3292 et
679 3229 822 3314 Augusti
845 3229 989 3294 consiliis
1013 3229 1181 3312 dissensit,
1211 3232 1261 3314 ut,
1293 3252 1374 3314 quos

230 3319 287 3383 ille
306 3317 452 3383 ediderat
470 3339 578 3382 rerum
598 3339 731 3382 suarum
751 3318 1017 3400 commentarios,
1038 3318 1071 3381 in
1090 3316 1374 3402 reprehensionem

230 3410 370 3473 vocaret.
408 3404 495 3470 Suet.
515 3405 587 3470 Div.
607 3405 666 3471 Iul.
686 3406 741 3472 56:
765 3406 893 3492 „Pollio
913 3407 1047 3472 Asinius
1067 3429 1182 3490 parum
1202 3406 1375 3492 diligenter

230 3518 410 3581 parumque
441 3495 569 3582 integra
602 3496 742 3560 veritate
773 3496 973 3581 compositos
1007 3492 1090 3582 (scil.
1122 3497 1374 3561 commentarios

231 3583 397 3669 Caesaris)
416 3587 524 3669 putat,
548 3581 619 3648 cum
639 3582 760 3650 Caesar
778 3585 930 3670 pleraque
950 3589 983 3650 et
1001 3606 1084 3668 quae
1102 3607 1161 3668 per
1180 3585 1262 3648 alios
1282 3589 1374 3650 erant

231 3678 326 3760 gesta
354 3678 476 3738 temere
507 3673 690 3758 crediderit,
723 3678 755 3738 et
787 3697 869 3758 quae
896 3695 954 3758 per
983 3696 1030 3756 se,
1063 3674 1115 3738 vel
1143 3673 1294 3738 consulto
1322 3674 1373 3738 vel

231 3765 332 3828 etiam
360 3763 515 3828 memoria
542 3762 654 3847 lapsus
681 3785 850 3847 perperam
883 3763 1031 3846 ediderit3
1065 3761 1294 3847 existimatque
1326 3785 1374 3828 re-

231 3853 428 3937 scripturum
459 3855 492 3916 et
521 3856 739 3918 correcturum
771 3849 900 3917 fuisse.“
942 3851 1028 3916 Hinc
1057 3874 1130 3916 eum
1158 3852 1196 3916 de
1225 3850 1374 3917 Caesaris

232 3943 329 4007 rebus
357 3941 392 4005 in
418 3940 563 4005 historiis
592 3940 734 4026 iniquius
762 3941 922 4006 iudicasse
951 3964 1046 4027 quam
1075 3941 1109 4004 in
1140 3941 1374 4018 commentario
1444 4005 1448 4013 ,

232 4030 387 4116 colligere
415 4030 499 4095 licet.
546 4028 822 4095 Commentarium
851 4034 961 4094 utrum
990 4030 1138 4094 manibus
1166 4030 1374 4112 versaverint,

233 4120 426 4205 quicumque
454 4119 573 4204 primo,
602 4120 718 4203 altero,
746 4119 844 4184 tertio
872 4124 948 4202 post
978 4116 1053 4183 Chr.
1081 4119 1209 4184 saeculo
1237 4140 1288 4182 res
1311 4118 1375 4183 Ro-

233 4231 346 4274 manas
374 4208 548 4273 memoriae
574 4209 776 4292 prodiderint
803 4229 916 4292 neone,
944 4230 1058 4292 parum
1087 4210 1288 4292 compertum
1312 4211 1376 4293 est3

231 4321 328 4363 nemo
351 4301 461 4362 tamen
484 4297 532 4361 ita
556 4299 623 4362 eius
647 4297 787 4383 vestigia
813 4297 945 4381 pressit,
976 4299 1012 4359 ut
1041 4317 1112 4359 eum
1137 4318 1175 4360 ex
1198 4297 1261 4362 hoc
1283 4296 1375 4362 fonte

233 4389 381 4452 hausisse
400 4409 467 4470 npro
496 4390 584 4452 certo
614 4386 771 4452 affirmari
798 4385 910 4470 possit.
961 4383 1072 4468 Neque
1101 4385 1226 4450 mirum.
1277 4386 1373 4463 Quidl

233 4476 320 4562 quod
349 4498 390 4540 ne
421 4471 580 4540 Caesaris
598 4476 727 4560 quidem
760 4474 1025 4553 commentarios,
1057 4474 1085 4538 si
1115 4475 1301 4540 discesseris
1332 4477 1373 4540 ab

287 4589 378 4630 Bellum
390 4589 502 4630 Africum.
1131 4584 1163 4632 10
