3292 5132
634 396 847 456 PRAEFATIO.
860 485 864 490 .
1212 401 1316 460 XXVII

178 560 323 629 Asinium
365 563 401 627 in
441 562 605 648 epistulis,
651 562 746 628 aliter
793 562 828 626 in
869 564 1102 629 commentario
1148 565 1315 650 scripsisse

178 655 332 736 putemus.
378 650 463 716 Nam
490 673 594 734 neque
619 649 796 716 Sallustius
824 673 926 737 neque
950 650 1071 717 Seneca
1099 653 1212 718 rhetor
1240 657 1315 720 etsi

178 740 334 824 particula
361 742 413 804 usi
441 744 530 823 sunt,
556 740 643 805 haud
672 741 771 806 aliam
800 741 842 805 ob
870 763 1014 826 causam,
1045 764 1141 826 quam
1170 744 1253 828 quod
1282 744 1317 808 11

179 830 278 894 011010
308 829 475 894 enuntiato
504 829 717 895 condicionali
746 829 800 893 ‘et
828 829 876 894 si'
905 830 967 895 dici
995 830 1149 895 videbant
1178 832 1315 917 ideoque

178 919 398 983 coniunctione
421 922 554 1003 propter
577 919 825 1002 ambiguitatem
845 919 1008 983 abstinere
1027 921 1129 985 satius
1149 920 1316 987 ducebant.

177 1007 265 1071 Idem
284 1028 359 1072 1010
384 1007 527 1088 Asinius,
551 1007 605 1091 qui
629 1008 692 1072 sibi
714 1008 748 1071 11
771 1009 1003 1073 commentario
1027 1014 1133 1074 certos
1157 1011 1315 1095 quosdam

177 1096 255 1160 fines
274 1095 452 1174 constituit,
476 1097 512 1162 in
534 1117 651 1180 genere
670 1096 795 1162 dicendi
813 1096 969 1162 familiari
987 1098 1120 1162 liberius
1141 1103 1314 1184 evagatum

178 1207 244 1250 0000
267 1185 340 1269 quis
364 1185 524 1250 miretur?
588 1213 592 1222 ·

262 1273 466 1359 Quamquam
489 1275 542 1338 his
566 1274 729 1357 omnibus,
752 1296 835 1358 quae
860 1274 964 1340 adhuc
988 1276 1209 1362 exposuimus,
1231 1277 1314 1342 nihil

177 1363 261 1428 aliud
284 1363 434 1428 effectum
462 1366 524 1447 001,
552 1384 650 1447 quam
678 1367 715 1427 ut
737 1362 889 1428 Asinium
915 1365 1059 1448 potuisse
1082 1365 1206 1430 bellum
1229 1366 1316 1430 Afri-

177 1473 245 1517 cum
269 1452 407 1518 scribere
427 1452 635 1517 statuendum
659 1452 711 1536 sit,
733 1453 793 1536 vel,
817 1456 853 1516 ut
877 1475 949 1517 eum
968 1454 1068 1518 fuisse
1090 1457 1315 1520 commentarii

176 1545 337 1608 auctorem
361 1541 536 1606 verisimile
560 1541 611 1606 sit.
652 1539 813 1616 Quoniam
837 1545 945 1606 autem
968 1543 1063 1607 huius
1086 1543 1148 1608 viri
1171 1544 1315 1609 indolem

175 1651 211 1694 ex
243 1631 348 1694 tribus
379 1630 528 1715 epistulis
560 1629 791 1714 nonnullisque
821 1630 1013 1716 fragmentis
1045 1633 1130 1716 apud
1162 1631 1316 1698 Senecam

175 1719 337 1784 rhetorem
361 1719 499 1784 00110110
522 1741 639 1803 parum
662 1719 815 1804 cognosci
842 1720 1048 1805 largiendum
1072 1725 1134 1806 est,
1164 1744 1316 1806 quaeren-

177 1809 250 1872 dum
274 1808 353 1893 quid
376 1812 499 1873 veteres
524 1809 562 1872 de
586 1807 701 1874 Asinio
725 1812 835 1893 poeta,
859 1813 1000 1893 oratore,
1023 1832 1129 1875 rerum
1156 1813 1316 1896 scriptore

175 1898 394 1962 iudicaverint.
434 1898 482 1962 Ac
502 1896 722 1974 Quintilianus
743 1897 871 1981 quidem
894 1899 982 1981 10,1,
997 1900 1059 1963 113
1077 1921 1151 1965 eum
1171 1923 1190 1964 a
1208 1901 1317 1966 nitore

176 1990 206 2050 et
231 1986 433 2051 iucunditate
457 1984 622 2051 Ciceronis
642 1985 700 2068 ,ita
727 1986 825 2070 longe
853 1987 966 2051 abesse
995 1988 1122 2070 scribit,
1149 1993 1187 2053 ut
1215 1990 1317 2054 videri

174 2076 278 2159 possit
303 2075 431 2140 saeculo
455 2075 553 2160 prior.
595 2073 726 2140 Tacitus
750 2079 859 2139 autem
879 2072 968 2160 (dial.
987 2073 1046 2164 21)
1065 2077 1218 2164 magistri
1235 2079 1316 2143 iudi·

176 2165 258 2230 cium
284 2168 411 2229 secutus
440 2169 473 2228 et
496 2164 575 2228 adeo
599 2163 731 2229 modum
759 2186 909 2250 egressus
936 2165 984 2230 ita
1006 2165 1132 2250 Aprum
1156 2168 1315 2233 dicentem

174 2253 309 2318 inducit:
340 2251 503 2337 ε10111110,
532 2274 726 2338 quamquam
755 2254 963 2338 propioribus
991 2256 1192 2341 temporibus
1220 2262 1315 2322 natus

175 2343 223 2425 sit,
246 2342 375 2408 videtur
397 2343 478 2406 mihi
502 2342 587 2406 iuter
609 2341 774 2406 Menenios
798 2348 831 2406 et
855 2343 980 2427 Appios
1004 2345 1189 2410 studuisse’.
1229 2345 1316 2412 Hinc

175 2431 377 2514 intellegitur
390 2431 424 2495 in
439 2431 508 2496 eius
523 2431 725 2496 orationibus
741 2435 816 2496 ante
830 2432 940 2496 omnia
955 2434 1145 2518 apparuisse
1163 2435 1315 2519 priscae

175 2521 367 2586 orationis
396 2521 638 2585 affectationem
666 2521 841 2604 quandam,
870 2521 953 2605 quod
980 2521 1162 2586 cumidem
1186 2523 1224 2586 de
1248 2528 1315 2588 tra-

174 2609 297 2694 goediis
321 2610 495 2674 contendat
517 2608 621 2693 Aper,
648 2631 715 2673 non
742 2609 842 2673 alium
865 2631 943 2692 prae
972 2631 1006 2673 00
1029 2610 1144 2675 tulisse
1173 2612 1314 2677 colorem

173 2698 382 2764 historiarum
420 2699 523 2762 libros
561 2701 649 2762 certo
686 2698 803 2762 certius
841 2702 898 2762 001.
954 2698 1029 2782 Ipse
1062 2699 1148 2764 enim
1182 2701 1315 2765 Asinius

175 2787 298 2853 duabus
330 2788 425 2851 rebus
458 2786 678 2870 antiquarium
711 2808 745 2850 se
778 2808 848 2851 esse
880 2786 1043 2871 professus
1077 2791 1143 2873 est,
1174 2790 1315 2874 primum

175 2876 256 2942 dicto
287 2876 345 2940 illo
373 2875 406 2940 in
437 2875 536 2940 schol.
561 2873 658 2959 Oruq.
681 2876 719 2940 ad
745 2874 824 2941 Hor.
848 2881 908 2940 art.
931 2882 1016 2961 poet.
1040 2901 1068 2942 1.
1087 2878 1152 2942 311
1181 2879 1314 2944 tradito:

174 2964 257 3030 Male
282 2965 390 3029 hercle
414 2965 542 3028 eveniat
566 2965 681 3043 verbis,
705 2964 769 3028 nisi
792 2987 860 3028 rem
884 2970 1072 3050 sequantur,
1096 2990 1159 3051 quo
1179 2967 1315 3033 Catonis

175 3053 320 3119 Censorii
349 3053 542 3118 sententiam
572 3054 722 3136 probavit
753 3053 851 3118 ‘llam
879 3059 967 3139 tene,
995 3056 1095 3120 verba
1125 3057 1315 3141 sequentur'

175 3141 697 3226 (1111110101111101.1131117
714 3140 785 3229 Η.);
805 3142 918 3207 deinde
938 3165 985 3226 eo,
1005 3145 1090 3228 quod
1109 3148 1193 3210 teste
1207 3146 1314 3211 Plinio

174 3237 237 3296 nat.
252 3232 331 3296 hist.
347 3233 375 3315 1,
388 3232 452 3295 115
470 3231 505 3294 in
522 3230 723 3296 bibliotheca
740 3232 834 3296 unius
844 3231 1002 3297 Varronis
1017 3233 1156 3298 11101110
1172 3239 1315 3300 statuam

173 3323 247 3405 poni
276 3321 380 3384 iussit.
433 3319 553 3395 Quodsi
581 3319 683 3406 igitur
712 3320 843 3385 Asinius
875 3326 988 3385 auctor
1018 3326 1068 3386 cst
1094 3322 1175 3387 belli
1202 3324 1316 3408 Africi,

173 3409 297 3492 priscae
321 3409 470 3473 dictionis
494 3409 633 3495 vestigia
657 3430 825 3493 superesse
848 3410 1134 3475 demonstrandum
1158 3416 1215 3476 est.
1257 3413 1315 3477 At-

175 3520 233 3582 que
257 3498 323 3562 iam
343 3495 559 3582 Nipperdeius
582 3499 742 3562 incertum
764 3497 841 3562 libri
865 3499 1056 3582 scriptorem
1078 3501 1315 3584 quodammodo

175 3588 313 3651 similem
341 3609 411 3651 esse
439 3586 521 3651 dixit
543 3586 698 3671 Varroni,
727 3588 781 3671 qui
809 3591 841 3651 01
868 3588 1073 3671 antiquitatis
1102 3590 1316 3655 admiratione

178 3677 318 3742 atvitae
341 3675 481 3741 11011000
506 3677 645 3761 quodam
674 3698 782 3740 amore
810 3677 924 3741 ductus
948 3677 1067 3742 iudicio
1091 3683 1124 3742 01
1147 3679 1316 3744 101111010

176 3765 395 3850 antiquarium
420 3768 452 3829 et
475 3766 607 3850 vulgare
630 3765 757 3828 dicendi
785 3787 885 3850 genus
916 3766 1083 3851 amplexus
1112 3790 1181 3833 esse
1210 3770 1316 3833 existi-

175 3854 310 3918 mandus
338 3858 388 3917 est
413 3857 460 3938 01,
488 3875 528 3916 10
558 3854 722 3939 elegantia
750 3859 845 3939 atque
873 3856 1042 3940 urbanitas
1071 3857 1316 3944 desideraretur,

176 3941 339 4007 doctrinae
363 3943 456 4026 copia
480 3941 649 4007 efficiebat.
694 3940 777 4007 Cum
801 3946 910 4008 autem
933 3943 1149 4028 Nipperdeius
1175 3946 1314 4011 eminere

175 4030 208 4092 in
230 4032 318 4096 bello
341 4032 454 4096 Africo
479 4032 621 4115 vulgaris
650 4034 808 4097 sermonis
834 4038 946 4097 notam
969 4035 1105 4117 ideoque
1128 4035 1248 4099 librum
1274 4036 1314 4100 ab

174 4119 336 4185 inferioris
355 4120 553 4185 condicionis
567 4121 699 4185 homine
719 4121 876 4206 scriptum
896 4143 964 4186 esse
984 4123 1162 4186 censuisset
1177 4121 1315 4208 (quaest.

176 4206 302 4275 Caesar.
325 4233 356 4294 p.
376 4205 447 4296 34),
469 4210 564 4274 nobis
592 4210 804 4294 intolerabili,
833 4232 913 4294 quae
936 4210 1119 4294 videbatur,
1148 4213 1315 4297 scriptoris

175 4298 371 4362 verbositate
402 4299 442 4362 ad
473 4298 680 4384 grammatici
708 4299 845 4363 alicuius
874 4297 1080 4364 sedulitatem
1110 4300 1216 4366 relata
1245 4303 1315 4386 ipse

176 4387 425 4452 commentarius
452 4388 559 4472 prisco
588 4387 696 4471 potius
725 4409 823 4472 quam
845 4387 973 4470 vulgari
1000 4384 1210 4472 (quamquam
1236 4392 1316 4457 haec
1342 4411 1345 4416 ·

179 4474 295 4560 ubique
319 4477 499 4542 discernere
524 4478 604 4542 00110
627 4475 758 4542 difficile
787 4475 849 4563 est)
874 4476 1062 4544 tribuendus
1087 4500 1156 4543 esse
1180 4481 1316 4548 videtur.
