3288 5124
353 332 396 394 82
753 329 902 386 Burnum
922 329 1095 386 tuoruum,

350 494 524 577 productas
547 494 580 560 in
605 493 721 576 aciem,
749 516 843 577 quam
868 495 1105 578 speciosissime
1133 494 1253 576 potuit,
1282 495 1432 557 instruxit
1453 517 1485 558 ac

350 583 449 668 paulo
477 583 607 668 longius
634 603 825 668 progressus
849 584 890 646 ab
915 584 981 647 suis
1005 582 1238 647 munitionibus
1262 583 1347 647 baud
1370 585 1416 646 ita
1438 582 1486 646 din

351 680 569 737 commoratus
593 693 628 736 se
651 671 774 754 recepit
795 671 829 736 in
852 677 968 736 eastra.

318 780 330 826 1
442 758 502 827 le.
526 759 647 826 Caesar
663 764 838 844 postquam
857 760 1099 843 animadvertit,
1118 758 1263 842 Scipioni
1282 759 1400 825 auxilia
1417 759 1487 842 fere,

352 871 434 934 quae
459 854 673 934 expectasset,
701 849 811 914 omnia
839 850 1027 914 convenisse
1054 871 1157 933 neque
1181 871 1306 914 moram
1329 849 1517 934 pugnaudit

351 939 454 1003 ullam
478 937 558 1022 fore,
586 960 644 1022 per
666 937 779 1022 iugum
804 960 966 1002 summurn
990 960 1062 1002 cum
1087 938 1189 1021 copiis
1213 938 1365 1022 progredi
1388 939 1489 1022 coepit

352 1031 385 1092 et
417 1026 551 1094 brachia
583 1027 732 1110 protinus
766 1027 881 1092 ducere
911 1032 943 1092 et
975 1027 1111 1092 castella
1143 1029 1266 1091 munire
1298 1026 1488 1111 propiusque

351 1114 535 1199 Scipionem
560 1116 742 1198 [capiendo]
767 1116 840 1180 loca
858 1117 985 1180 excelsa
1008 1116 1361 1202 occupa32e‚eonterrdit‚
1384 1135 1422 1179 ne
1439 1115 1489 1178 ad·

350 1207 487 1270 versarii
511 1205 735 1289 magnitudine
763 1205 928 1288 copiarum
953 1205 1065 1269 confisi
1094 1205 1276 1288 proximum
1301 1204 1418 1269 collem
1441 1225 1489 1266 oc-

352 1299 509 1377 cuparent
532 1299 629 1377 alque
652 1294 699 1358 ita
722 1295 851 1378 longius
876 1294 939 1358 sibi
961 1294 1190 1379 progrediendi
1210 1294 1374 1376 eriperent
1396 1291 1488 1356 facul·
1508 1311 1533 1356 10

315 1387 463 1450 atatem.
508 1383 662 1448 Eiusdem
686 1382 778 1446 collis
803 1382 950 1466 capiendi
974 1383 1110 1468 [gratia]
1138 1381 1301 1446 Labienus
1325 1381 1489 1447 consilium

352 1477 483 1557 ceperat
506 1477 551 1552 et,
575 1493 638 1556 quo
662 1471 812 1555 propiore
836 1471 907 1536 loeo
931 1471 1053 1555 fuerat,
1082 1494 1119 1535 eo
1143 1471 1278 1534 celerius
1303 1475 1489 1535 occurrerat.

317 1581 331 1627 1
441 1560 500 1626 50.
535 1559 618 1624 Erat
653 1560 806 1645 convallis
843 1559 1073 1644 sansagus
1105 1560 1291 1642 latitudine,
1323 1559 1491 1624 altitudine

350 1654 538 1734 praerupta,
567 1650 688 1713 crebris
713 1649 792 1713 locis
817 1649 990 1732 speluncae
1013 1651 1046 1712 in
1073 1649 1203 1712 modum
1228 1647 1387 1731 subrutis,
1417 1669 1491 1731 quae

351 1742 423 1803 erat
446 1738 715 1824 transgredienda
734 1737 879 1820 Caesari,
903 1747 1077 1821 antequam
1099 1738 1230 1802 adeum
1251 1738 1380 1818 collem,
1403 1759 1492 1820 quern
1511 1753 1535 1800 15

351 1850 463 1913 capere
478 1829 621 1911 volebat,
640 1831 874 1911 perveniretu13
894 1827 1042 1910 ultraque
1057 1849 1129 1892 eam
1144 1826 1324 1890 convallem
1340 1826 1492 1892 olivetum
1603 1831 1604 1836 ’

316 1935 331 1981 2
352 1923 444 1981 vetus
460 1917 580 1982 crebris
595 1916 765 1980 arboribus
781 1916 987 2002 cctgdensum.
1011 1914 1074 1980 Hic
1090 1937 1160 1979 cum
1176 1915 1338 1980 labienus
1354 1913 1493 1980 animad-

351 2006 516 2087 vertisset,
549 2004 736 2088 Caesarem,
769 2005 796 2068 si
825 2005 927 2069 vellet
958 2027 1031 2068 eum
1061 2007 1168 2069 locum
1200 2026 1357 2088 occupare
1366 2055 1374 2088 ,
1406 2007 1491 2087 prins

441 2150 455 2196 1
474 2143 503 2197 in
522 2144 612 2198 aciem
630 2144 657 2197 L
675 2145 747 2198 inter
764 2145 883 2211 verens]
905 2150 921 2196 3
939 2142 1068 2212 *recepit
1085 2143 1180 2208 LDd3
1202 2141 1303 2211 recipit
1322 2142 1350 2198 R
1371 2145 1381 2211 ΙΙ
1406 2151 1421 2196 t
1440 2141 1493 2196 iere

350 2215 379 2270 A
410 2218 420 2285 ]
456 2214 506 2268 8*
513 2215 673 2286 [capiendo]
697 2216 859 2269 inclusimus
891 2217 900 2286 l]
933 2214 1089 2284 contendit]
1113 2215 1190 2283 cepit
1213 2215 1239 2266 L
1275 2217 1285 2282 ῃ
1321 2230 1356 2268 ne
1388 2215 1493 2268 addidit

351 2287 539 2356 Nipperdeins
561 2288 569 2355 ΙΙ
596 2288 803 2356 eoceuparent
820 2287 904 2351 idern·
933 2286 1181 2355 occupaveruntO
1208 2288 1217 2356 ]
1247 2291 1279 2338 10
1298 2284 1493 2354 progrediendi

351 2357 406 2412 sibi
424 2358 452 2411 L
483 2360 493 2427 Ι]
524 2357 665 2426 eriperent
682 2357 883 2426 Nipperdeins;
902 2357 1107 2426 eripueruntO
1137 2358 1147 2426 [Ι
1181 2363 1212 2410 11
1232 2355 1399 2428 *cupiendi]
1418 2373 1492 2410 occu·
1605 2397 1606 2412 t

350 2428 436 2498 pandi
457 2429 503 2498 0]
516 2428 632 2500 [gratia]
652 2430 764 2483 inclusit
782 2427 911 2482 Olnrlins
933 2431 943 2498 ]
967 2434 999 2481 12
1020 2427 1087 2498 qno]
1103 2427 1209 2495 quiaV
1231 2431 1241 2496 1
1262 2427 1369 2498 fuerat]
1384 2429 1494 2481 venerat
1605 2427 1606 2434 ’

299 2561 306 2578 ,
351 2500 381 2555 D
399 2517 468 2556 corr.
492 2501 502 2570 ΙΙ
525 2504 559 2553 14
579 2498 664 2554 erutis
682 2499 782 2554 Noodlc
800 2501 859 2555 coll.
879 2501 902 2554 b.
924 2499 1005 2568 Hisp.
1021 2503 1099 2566 39‚2
1117 2500 1264 2553 conuallem
1282 2514 1442 2568 caesumque
1459 2498 1492 2551 to-

305 2597 311 2611 ·
351 2590 412 2627 cnm
430 2573 461 2626 in
479 2572 635 2642 speluncam
657 2571 667 2639 ΙΙ
691 2576 723 2624 lo
743 2574 823 2625 erant
843 2571 865 2623 0
887 2573 897 2640 ]
919 2569 1169 2640 transgrediendae
1187 2568 1346 2626 LPUFV

441 2740 456 2784 3
475 2732 586 2802 recepit]
605 2731 731 2800 praestat
749 2729 919 2799 perfectum3
948 2731 982 2786 cl.
998 2737 1042 2799 33,
1057 2736 1081 2785 5.
1101 2736 1135 2784 43
1155 2732 1223 2784 extr.
1243 2735 1326 2797 91,1.

439 2801 488 2858 49.
517 2808 534 2855 4
559 2800 681 2873 ancilia]
709 2803 802 2856 lubae.
833 2808 900 2855 -6
929 2803 1027 2873 coepit]
1049 2802 1167 2856 fortasse
1186 2801 1326 2870 glossema
1348 2803 1394 2854 cst
1412 2799 1494 2865 verbi,

351 2873 426 2940 quod
448 2874 594 2940 sequitur,
608 2872 793 2928 ‘contendit’.
815 2903 848 2916 -
870 2880 884 2928 l
905 2874 1021 2928 bromio
1035 2873 1164 2942 protinus
1182 2872 1289 2941 dacem]
1314 2872 1444 2940 protinus
1463 2870 1494 2922 de

351 2945 414 2998 loco
438 2942 559 3009 dictum,
587 2947 619 2998 ut
647 2943 685 2996 sit
708 2943 825 2998 brachia
851 2944 1014 3011 extendere,
1042 2943 1210 3013 prolongare
1235 2942 1280 3012 (cf.
1306 2944 1353 3012 38,
1374 2944 1415 3013 2);
1443 2958 1494 3009 quo

351 3013 464 3082 longius
492 3019 586 3069 antem
614 3013 715 3068 Caesar
741 3015 770 3068 in
799 3032 907 3070 summo
934 3017 1001 3084 ingo
1030 3013 1272 3084 progrediebatur,
1302 3029 1335 3068 eo
1368 3014 1495 3083 longiora

351 3085 468 3140 brachia
486 3085 522 3138 ad
540 3084 600 3154 iugi
618 3084 728 3140 radices
747 3085 813 3140 duci
831 3086 922 3141 iussit.
942 3119 974 3126 —
996 3092 1012 3141 8
1033 3087 1190 3157 [capiendo]
1210 3087 1281 3140 t'sleo
1300 3086 1355 3139 hoc
1374 3085 1438 3140 loeo
1456 3084 1494 3137 in-

352 3159 458 3210 sertum
477 3161 507 3210 et
525 3173 559 3211 ex
577 3173 610 3211 eo
630 3159 727 3212 natum
746 3174 808 3212 esse
828 3157 950 3224 videtur,
975 3163 1049 3227 qnod
1068 3163 1083 3223 ξ
1103 3165 1117 3211 2
1138 3159 1174 3211 ad
1194 3157 1279 3212 verba
1299 3156 1397 3210 ‘collis
1418 3171 1493 3212 occu-

351 3228 453 3296 pandi’
479 3227 508 3280 in
527 3229 653 3297 margine
674 3228 834 3296 ‘capiendi'
860 3245 877 3283 a
902 3233 1059 3284 correctore
1083 3229 1254 3298 adscriptum
1279 3230 1347 3281 erat.
1379 3258 1411 3267 -
1439 3228 1495 3280 loca

350 3299 466 3369 excelso]
494 3303 673 3369 opponuntur
695 3317 803 3354 summo
824 3299 900 3369 ingo.
930 3331 960 3339 -—
989 3309 1156 3370 accennare
1183 3299 1334 3369 contendit]
1362 3298 1494 3368 properat

351 3373 418 3439 (quo
437 3373 522 3426 verbo
541 3369 653 3424 Asinius
676 3387 732 3425 non
757 3372 857 3438 utitur)
880 3387 1029 3440 occupare3
1058 3371 1092 3424 cf.
1116 3373 1152 3425 sd
1177 3377 1218 3437 16,
1238 3376 1253 3424 ³
1277 3371 1307 3424 et
1329 3369 1386 3424 ind.
1405 3369 1494 3432 verb.;

307 3462 309 3485 ι
351 3442 507 3511 explicatur
529 3445 624 3496 autem
646 3441 835 3496 festinationis
854 3442 931 3496 notio
949 3442 996 3510 iis,
1025 3458 1097 3509 quae
1117 3459 1201 3510 supra
1219 3439 1323 3509 scripta
1348 3441 1427 3494 sunt:
1452 3455 1494 3494 ne-

307 3512 309 3525 '
352 3529 405 3581 qne
429 3529 536 3568 morum
554 3511 698 3582 pugnandi
718 3512 803 3567 ullam
829 3513 895 3568 fore.
933 3513 997 3568 Alia
1017 3516 1115 3568 horum
1135 3514 1283 3568 verborum
1301 3509 1495 3581 interpretatio

304 3592 308 3646 ζ
351 3583 422 3638 haec
441 3587 495 3638 est:
529 3584 664 3652 capiendo
683 3585 746 3640 loca
764 3585 874 3638 excelsa
892 3585 1053 3640 antevenire
1070 3581 1221 3653 (φθάνειν)
1239 3583 1417 3653 properarit,
1439 3580 1494 3634 scil.

353 3654 524 3723 Scipionem
549 3654 585 3708 ad
610 3672 694 3722 qrram
717 3657 812 3710 tamen
839 3656 987 3726 confugere
1016 3655 1168 3722 noluimus,
1198 3655 1265 3723 qnia
1292 3657 1322 3708 et
1348 3671 1428 3708 rarus
1455 3652 1497 3707 est

352 3725 399 3779 hic
423 3728 503 3781 verbi
528 3744 593 3780 usus
621 3729 706 3794 atque
731 3727 801 3781 adeo
827 3727 951 3782 insolens
978 3726 1138 3782 accusativo
1161 3743 1217 3781 non
1242 3725 1353 3792 addito,
1382 3725 1412 3778 et
1436 3723 1496 3776 iure

352 3795 519 3851 offendimur
550 3796 579 3850 in
611 3797 710 3852 eodem
741 3797 877 3853 vocabulo
907 3798 1066 3866 insequenti
1094 3814 1176 3852 versu
1208 3795 1265 3852 alia
1293 3794 1496 3866 significatione

352 3867 452 3937 posito.
498 3867 627 3922 (laterum
656 3885 758 3939 magua
790 3867 912 3938 suspicio
942 3872 985 3924 est
1011 3868 1139 3924 Asinium
1172 3867 1315 3938 scripsisse
1343 3866 1496 3922 infinitivus

352 3938 502 3994 historicos
526 3939 687 4008 ‘progredi
712 3941 826 4010 ducere,
851 3940 970 4006 munire,
995 3941 1157 4009 occupare',
1182 3940 1249 4008 quia
1272 3957 1319 4005 nc,
1347 3939 1420 4007 quod
1449 3936 1495 3991 ad-

353 4009 429 4066 didit
454 4009 654 4081 Nipperdeins,
682 4013 748 4078 post
774 4011 947 4080 ‘occupare'
974 4012 1083 4066 facilius
1106 4011 1273 4066 intercidere
1296 4011 1389 4079 potuit
1411 4025 1496 4077 quam

350 4086 416 4150 post
441 4082 627 4138 ‘contendit’.
647 4112 680 4122 -
701 4090 731 4136 11
752 4082 894 4153 cupiendi]
913 4086 946 4138 ut
964 4089 1041 4151 50,1
1066 4083 1167 4138 collem
1191 4100 1272 4151 quern
1297 4098 1397 4150 capere
1420 4081 1493 4134 vole·

351 4154 414 4220 bat;
442 4155 477 4208 ci.
496 4155 531 4207 ad
550 4159 594 4221 49,
615 4160 627 4206 1
650 4152 821 4224 [capiendo]

440 4225 488 4280 50.
518 4231 550 4279 13
569 4225 714 4296 conontiis]
734 4251 767 4272 ε
787 4224 877 4280 vallis.
915 4224 956 4280 cf.
976 4226 1011 4278 ad
1031 4231 1055 4293 l,
1075 4232 1099 4280 6.
1124 4255 1157 4265 -
1181 4226 1251 4280 sotis
1276 4223 1392 4294 macno]
1409 4227 1452 4289 34,
1471 4228 1495 4275 3.

354 4301 429 4361 18‚1
455 4297 567 4352 Asinius
587 4313 631 4366 ap.
652 4296 706 4352 Cic.
730 4297 811 4366 epist.
838 4304 880 4364 10,
899 4302 977 4363 3115
1000 4296 1121 4351 fructum
1147 4296 1216 4352 satis
1240 4312 1373 4365 magnum
1397 4295 1496 4348 tulisse

352 4383 396 4420 me
410 4367 525 4436 putabo.
536 4397 569 4408 -
581 4374 614 4423 ll
629 4369 774 4424 arboribus
788 4368 963 4439 condensum]
978 4367 1072 4423 Livius
1086 4373 1129 4434 25,
1144 4374 1187 4433 39,
1205 4374 1217 4421 1
1235 4367 1324 4421 valles
1342 4369 1386 4433 (=
1400 4363 1495 4432 vallis)

352 4439 493 4492 condensa
510 4439 663 4495 arboribus.
702 4437 743 4491 Cf.
762 4438 798 4493 ad
818 4443 860 4507 14,
879 4445 904 4494 2.
924 4469 956 4480 -
978 4446 1011 4492 18
1030 4438 1130 4509 locem]
1149 4442 1182 4493 ut
1199 4437 1273 4493 infra
1291 4444 1306 4503 5
1325 4443 1341 4492 2
1361 4438 1494 4504 montem,
