3312 5130
331 335 396 400 202
730 334 846 388 INDEX
866 333 1074 390 VERBORUM.

321 514 384 550 eos
405 498 500 563 (sabi.)
520 501 561 562 19,
576 502 601 549 6.
626 502 670 562 39,
685 501 708 549 6.
734 501 776 562 73,
790 501 816 549 4.
843 501 927 560 87,4.
952 502 996 562 91,
1016 503 1039 550 3.
1077 511 1112 550 ea
1129 501 1172 562 86,
1187 503 1211 549 6.
1249 512 1362 549 eorum
1390 501 1432 561 14,
1448 501 1476 550 6,

328 573 449 636 64,..66
475 573 562 635 66,.6
589 572 731 632 66,.666
759 572 846 634 666
876 573 962 633 666
992 568 1047 637 [66
1068 567 1104 636 6]
1131 568 1187 637 [66
1207 568 1245 638 6]
1271 573 1347 633 666
1383 573 1426 634 66
1449 575 1476 622 6

328 637 824 707 87,41616.6.7.90,1166.1)6666
848 607 959 706 quidem
985 638 1107 709 [corum]
1133 655 1161 692 66
1188 609 1476 703 6666611166·6666690,1.

327 717 370 777 97,
386 718 402 764 6
423 712 472 764 666.
509 680 799 780 6666666161[6666666]
821 708 1089 778 (·Adrumetinorom)
1109 715 1151 774 97,
1172 716 1196 764 6.
1234 709 1326 775 6666,
1343 716 1366 762 1.
1389 715 1433 777 36,
1451 717 1478 763 1.

328 787 411 846 869.
447 779 711 848 66646,.188,.6
748 787 908 846 666661.
935 786 1017 850 64,6
1043 786 1123 846 71,6
1150 786 1230 847 76,.4
1255 752 1339 846 91,3.
1376 781 1477 834 ineos

329 859 411 917 14,.3
435 856 518 920 46,4.
544 855 734 918 71,6.676,6.
771 850 911 906 intereos
932 857 1018 918 69,3.
1056 851 1099 904 166
1124 824 1268 905 instinctis
1292 857 1334 918 68,
1356 858 1380 906 6.
1420 850 1478 924 [666

327 893 598 994 66666166116]87,4,
626 922 662 976 ab
682 921 722 976 eis
741 927 783 990 68,
798 927 823 975 4.
844 927 887 990 91,
902 929 925 977 3.
956 921 1030 976 ab''
1012 939 1047 976 ns
1067 929 1109 989 63,
1125 930 1149 976 5.
1169 929 1211 988 71,
1229 930 1252 976 6.
1287 939 1320 976 ex
1338 921 1374 975 iis
1394 928 1478 991 663.

328 998 359 1050 irs
377 1012 416 1050 or.
436 995 486 1050 661.
507 1000 589 1061 90,1.
610 999 692 1062 961.
713 993 966 1063 [57,2].-=proa
985 996 1042 1062 re)l
1062 993 1221 1047 eis=aibi
1240 1000 1322 1057 33,1.
1360 1011 1479 1048 eum-—

327 1084 356 1120 66
380 1072 427 1134 68,
441 1072 466 1120 4.
504 1066 562 1119 eius
581 1089 614 1110 ==
635 1081 700 1118 auus
720 1070 766 1132 69,
781 1070 806 1118 6
833 1070 880 1130 69,
895 1070 919 1119 5.
958 1081 1104 1118 eorum=
1127 1082 1239 1119 suorum
1259 1070 1308 1130 79,
1330 1072 1352 1120 1,
1389 1067 1479 1120 6666166

328 1110 465 1193 enuntiati
483 1141 527 1204 87,
541 1143 565 1191 4.
591 1140 634 1202 89,
648 1143 673 1190 6.
696 1140 740 1203 46,
755 1106 779 1188 6.
792 1135 860 1217 [69,
875 1137 913 1206 6].
951 1135 987 1190 ab
1012 1135 1140 1206 Scipione
1164 1138 1248 1204 atque
1276 1135 1335 1190 eius
1355 1135 1480 1192 ducibus

328 1215 371 1276 66,
386 1214 411 1263 4.
450 1207 579 1276 Scipione
603 1207 717 1274 eiusque
737 1222 825 1276 copus
844 1211 927 1274 40,5.
953 1211 995 1275 66,
1011 1212 1035 1262 5.
1072 1209 1152 1262 simil.
1173 1214 1216 1275 45,
1232 1214 1255 1262 3.
1281 1211 1363 1275 60,.6
1389 1214 1433 1274 93,
1450 1215 1478 1263 3.

328 1286 371 1349 98,
386 1287 410 1334 6.
448 1227 537 1334 dorice
564 1278 638 1331 ultra
666 1277 781 1331 ultimos
809 1278 895 1332 colles
924 1277 1005 1332 host
978 1281 1019 1332 tes
1045 1251 1234 1347 reppulisserit
1261 1283 1346 1346 atquc
1376 1296 1479 1334 eorum

328 1322 522 1421 ess’entpotiti
543 1355 584 1417 18,
599 1355 624 1404 4.
652 1350 732 1403 simil.
753 1353 796 1416 69,
812 1353 836 1403 3.
856 1354 899 1416 38,
916 1355 938 1403 1.
959 1355 1001 1415 60,
1017 1354 1041 1405 4
1062 1357 1105 1412 36,
1120 1356 1144 1405 3.
1164 1355 1207 1417 86,
1223 1356 1247 1403 3.
1277 1348 1387 1404 litteteras
1408 1366 1478 1405 con·

329 1423 471 1477 scribitet
491 1439 536 1476 eas
559 1419 671 1488 captivo
697 1420 794 1487 61664,
813 1425 839 1472 6.
876 1392 957 1475 simil.
979 1427 1043 1487 3,.1
1069 1426 1149 1488 10,.4
1176 1427 1256 1488 13,.1
1283 1427 1365 1487 60,4,
1389 1429 1479 1487 61,1.

328 1460 1479 1562 611663663696116166816841964913’661661

328 1533 1199 1631 66666’66666166666666666116666661616661166666666,
1237 1580 1478 1632 pervacumco-

327 1635 375 1704 pia
394 1639 423 1691 et
441 1652 475 1690 ea
493 1635 615 1688 tironum
637 1639 678 1701 10,
693 1641 718 1688 3.
756 1633 825 1688 661
817 1650 847 1686 666
864 1631 959 1688 Africa
978 1635 1149 1688 consuetudo
1169 1634 1336 1702 incolarum,
1360 1636 1447 1690 ut..

327 1707 378 1761 sub
406 1709 482 1762 terra
510 1722 662 1774 specus..
683 1705 872 1760 ,habeanta
855 1706 939 1772 atque
967 1705 996 1758 id
1024 1711 1108 1775 propt
1110 1722 1139 1760 66
1167 1705 1242 1760 bella
1271 1705 1423 1762 maxime.

328 1778 520 1860 [praeparent]
541 1781 625 1843 35,1.
667 1776 697 1842 b)
716 1776 877 1830 6666666661.
897 1775 1095 1846 naviumpars
1115 1769 1286 1830 mnavibus
1306 1777 1369 1848 [eis]
1392 1783 1434 1844 11,
1451 1785 1480 1835 3.

328 1851 393 1904 ante
419 1848 553 1918 oppidum
572 1871 608 1895 ω
627 1864 660 1902 66
689 1847 792 1928 oppido
823 1852 870 1914 41,
890 1852 913 1900 3.
958 1851 1020 1901 erat
1044 1846 1180 1902 convallis
1199 1871 1235 1895 ω
1258 1850 1387 1917 ultraque
1412 1867 1480 1903 eam

328 1921 483 1976 convallem
509 1924 557 1985 60,
577 1925 601 1972 6.
643 1935 658 1972 6
682 1917 796 1988 regione
825 1917 922 1987 oppidi
944 1917 1043 1973 Uzittae
1066 1942 1101 1966 ω
1125 1919 1160 1972 ad
1185 1919 1319 2002 angulum
1346 1921 1479 1974 dextram

327 1993 525 2072 sinistrumque
545 1989 605 2043 eius
629 1989 727 2058 oppidi
746 1994 788 2057 51,
803 1995 827 2041 6
865 1992 1031 2058 recuperata
1049 1990 1242 2058 quinqueremi
1256 2014 1291 2038 ω
1305 1991 1333 2044 in
1352 2008 1386 2044 ea
1400 2009 1478 2047 nave

328 2069 376 2144 63,
396 2070 420 2116 3
458 2063 487 2115 66
512 2078 545 2115 ea
567 2077 638 2114 nave
663 2066 750 2128 64,1.
788 2059 824 2114 ad
843 2061 978 2140 oppidum
997 2085 1032 2108 ω
1052 2061 1124 2131 [6666
1143 2062 1250 2131 oppidi]
1271 2061 1369 2116 ineolis
1391 2068 1478 2128 74,6.

329 2134 388 2188 eius
407 2149 525 2201 reguum
540 2155 575 2179 ω
590 2130 648 2185 cias
662 2131 743 2200 regni
757 2136 839 2197 66,,6
868 2129 1028 2200 eiuaregni
1048 2138 1129 2200 77,1.
1176 2132 1324 2187 raesidium
1344 2139 1479 2201 equestre

328 2229 363 2252 ω
382 2221 415 2258 66
434 2201 563 2272 equitatu
583 2209 624 2269 78,
641 2209 665 2256 6.
707 2202 811 2272 oppido
831 2226 866 2249 ω
885 2204 970 2271 atque
991 2203 1062 2274 [eius
1082 2151 1191 2274 oppiii]
1211 2204 1316 2258 incolas
1336 2210 1379 2270 81,
1394 2211 1418 2259 6.
1441 2237 1477 2246 -

328 2273 1201 2358 166666666161666666666661666161..6666666666666136
1226 2281 1247 2328 1.
1285 2291 1340 2343 quo
1363 2246 1391 2328 id
1413 2275 1478 2331 sine

327 2347 451 2416 periculo
470 2346 562 2400 minue
580 2345 734 2400 faceremus
759 2349 805 2411 35,
820 2351 845 2400 4.
883 2347 1032 2414 postquam
1055 2345 1085 2399 id
1109 2345 1249 2400 Labienus
1268 2348 1477 2402 animadvertit

326 2424 453 2487 39,.4
473 2387 869 2486 1166666666ωρτοτ6666666,
888 2416 918 2469 rd
933 2417 986 2470 hoc
1001 2416 1125 2483 66666166
1144 2419 1272 2486 661606
1302 2418 1475 2487 elephantos

327 2515 362 2538 ω
386 2488 542 2556 constituit,
570 2487 601 2541 id
624 2488 676 2542 hoc
703 2487 833 2555 consilio,
862 2485 885 2540 si
912 2490 1009 2556 posset
1035 2505 1076 2557 sq.
1101 2494 1192 2556 83,1.
1228 2489 1258 2541 id
1283 2488 1336 2542 hac
1361 2491 1476 2547 ratione

328 2562 437 2642 [opus
429 2579 472 2614 ms
475 2531 612 2640 traebat],
632 2561 664 2612 ut
683 2564 725 2625 51,
740 2565 764 2612 3.
801 2530 833 2611 16
850 2575 883 2612 66
903 2557 1021 2613 66666166
1040 2530 1158 2626 1666666,
1178 2560 1253 2627 quod
1272 2566 1355 2626 60,.4
1385 2562 1475 2629 idque

327 2639 363 2688 ab
382 2651 422 2687 ers
441 2631 524 2686 facile
542 2629 707 2699 impetrasse
726 2635 814 2697 684
852 2629 948 2700 [idque
967 2631 1017 2684 obt
1019 2629 1103 2700 inuit]
1125 2601 1167 2698 94,
1182 2637 1264 2684 9.-
1289 2647 1322 2684 eo
1342 2631 1431 2700 die6,
1450 2640 1477 2688 7.

327 2703 758 2773 46,1.169,6].79,1.90,3
796 2717 830 2754 66
848 2701 930 2754 nocte
950 2707 1030 2768 635
1056 2706 1098 2765 89,
1119 2707 1143 2755 6
1180 2702 1241 2756 1616
1243 2704 1363 2771 emporis
1384 2709 1426 2772 93,
1451 2713 1477 2768 1.

327 2777 393 2829 ante
411 2774 441 2828 id
461 2775 571 2842 tempus
591 2777 633 2838 61,
650 2779 673 2827 1.
710 2788 760 2841 per
778 2771 806 2825 id
826 2773 979 2840 tempusl,
994 2780 1017 2826 3.
1040 2778 1082 2839 76,
1099 2779 1121 2826 1.
1150 2773 1175 2826 66
1193 2773 1271 2828 locus
1291 2779 1333 2841 51,
1350 2781 1373 2828 6.
1408 2793 1476 2829 eum

327 2847 419 2900 locum
439 2860 594 2924 occupare
595 2849 676 2911 60,.6
715 2842 833 2897 adeum
853 2844 945 2896 locum
965 2848 1048 2913 50,.3
1085 2842 1115 2896 16
1134 2861 1196 2897 eum
1217 2845 1308 2898 locum
1324 2851 1406 2914 804
1441 2865 1478 2901 ex

328 2917 549 2982 66166667,.1
586 2912 749 2968 66661666
769 2919 853 2981 36,.1
877 2917 959 2981 80,.6
998 2930 1093 2968 eorum
1118 2915 1242 2970 locorum
1259 2888 1368 2984 peritui
1388 2922 1475 2986 60,6.

327 2988 424 3042 dum
417 3005 445 3040 rn
469 3002 504 3040 ea
525 3001 555 3039 re
579 2986 653 3039 esset
676 2986 830 3053 occupatus
854 2991 877 3040 5.
915 3002 1006 3053 neque
1030 3002 1091 3040 eam
1115 3004 1173 3039 rem
1193 3003 1240 3041 eos
1260 2988 1382 3042 voluisse
1402 2988 1476 3044 scire

329 3064 410 3127 114.
449 3057 733 3126 earegesta19,1
762 3072 834 3126 qnae
853 3057 888 3110 ad
908 3074 969 3111 eam
987 3073 1046 3110 rem
1066 3074 1135 3126 opus
1155 3061 1234 3112 erant
1253 3062 1295 3116 31
1313 3065 1335 3113 1
1369 3059 1419 3113 nbi
1440 3077 1477 3115 ea

327 3146 370 3184 res
389 3130 539 3200 gerebatur
558 3133 641 3191 40,1.
677 3129 712 3182 ob
732 3144 778 3182 eas
797 3144 867 3182 res.
884 3131 960 3182 ..66
978 3143 1107 3183 removeo
1128 3133 1209 3196 54,4.
1242 3128 1344 3196 quibua
1364 3132 1477 3186 miseris

328 3168 891 3270 666666666616611666666616866.
930 3199 965 3253 de
988 3217 1021 3254 ea
1040 3216 1172 3268 reagere
1192 3205 1273 3269 88,6.
1311 3204 1344 3254 ut
1362 3203 1474 3272 aliquid

327 3273 382 3327 sibi
401 3289 434 3327 ex
454 3289 486 3326 ea
504 3288 534 3325 66
552 3268 639 3323 auxili
655 3271 766 3339 pararet
784 3276 867 3337 88,6.
896 3243 1341 3340 abincoliseiusprovinoiael,
1357 3280 1381 3326 4.
1409 3292 1474 3328 cum

314 3342 563 3424 ,6666616101
596 3358 656 3396 eum
678 3358 710 3395 eo
730 3341 829 3395 nuntio
850 3346 931 3400 16,.1
969 3341 1475 3423 ad[eam]pugnemparari133.

327 3433 360 3469 ex
378 3414 507 3484 proxima
524 3413 650 3481 legione,
644 3413 755 3537 ,pqnee
774 3412 801 3466 61
818 3411 952 3494 proelio
944 3430 974 3466 m
992 3415 1053 3467 acia
1067 3413 1244 3484 constiterat]
1266 3419 1307 3478 78,
1324 3420 1348 3471 6
1382 3415 1418 3470 ab
1439 3434 1474 3471 66

327 3503 409 3555 opere
429 3491 511 3553 661
550 3485 854 3566 eropp10684
874 3501 902 3537 ru
922 3499 954 3537 eo
973 3485 1081 3553 proelio
1101 3490 1182 3551 194
1220 3491 1247 3551 6)
1272 3487 1314 3539 661
1331 3503 1475 3556 sequeris

326 3529 482 3611 6616166666·
506 3557 560 3610 1666
579 3571 612 3610 66
632 3554 749 3609 66661116
769 3553 849 3620 16661,
873 3571 908 3607 ne
929 3571 988 3623 sqq.
1009 3560 1038 3622 1,
1058 3561 1082 3609 6.
1119 3555 1147 3608 id
1168 3571 1200 3610 66
1220 3556 1337 3610 66661116
1357 3557 1474 3628 iecerat,

327 3626 402 3696 quod
421 3634 464 3694 60,
478 3633 503 3681 4.
541 3630 568 3696 3)
587 3642 677 3694 neque
701 3625 728 3678 61
747 3627 792 3695 (sc.
818 3624 943 3694 Caesari)
967 3624 1092 3694 reliquae
1111 3626 1208 3695 copiae
1227 3630 1427 3684 succurrebant
1446 3637 1473 3685 5.

327 3700 380 3767 (ut)
399 3698 516 3752 66661166
533 3699 681 3752 vestra..
702 3712 957 3765 cognosceremus
977 3700 1063 3778 atque
1081 3697 1121 3750 616
1141 3701 1186 3766 (66.
1207 3697 1346 3767 Scipioni,
1366 3699 1474 3770 quique

327 3787 391 3824 cum
419 3786 451 3822 eo
479 3772 569 3837 erant)
596 3738 819 3822 renuntiaremus
845 3775 893 3830 36,
913 3773 937 3823 4
975 3769 1023 3836 qui
1051 3768 1154 3850 partim
1184 3770 1244 3822 eius
1270 3772 1315 3838 (sc.
1341 3771 1473 3842 Labieni)

326 3839 448 3894 auctorit
449 3842 524 3894 atem
543 3840 622 3893 crant
640 3856 674 3893 ex
692 3837 787 3892 Gallia
806 3838 907 3906 secuti,
931 3841 1035 3908 partim
1059 3839 1150 3908 pretio
1170 3841 1284 3894 adducti
1303 3842 1339 3895 ad
1359 3860 1421 3896 eum
1443 3863 1473 3899 se

327 3910 504 3966 contulerant
522 3916 565 3978 40,
580 3918 603 3965 3
632 3910 766 3991 propius
768 3926 863 3964 eorum
882 3914 929 3977 (sc.
943 3910 1008 3963 16666
996 3911 1077 3980 tium)
1096 3911 1185 3965 aciem
1203 3912 1329 3965 instituit
1347 3915 1472 3984 exporri-

326 3999 393 4052 gere
407 3981 575 4037 munrtlones
590 3988 633 4049 46
648 3989 672 4035 6,
711 3980 766 4050 4)
757 3999 786 4034 1s
793 3982 876 4049 ,qui
898 3987 938 4049 10,
956 3987 978 4036 1.
999 3987 1040 4047 11,
1054 3988 1079 4036 4.
1099 3989 1142 4044 60,
1159 3990 1182 4036 6.
1197 3987 1223 4034 4.
1243 3988 1286 4048 66,
1301 3990 1325 4038 3.
1344 3989 1390 4052 64,
1406 3991 1430 4041 l.
1447 3994 1472 4042 6.

327 4058 831 4121 38,,,.641346,1.46,4.48,6.
857 4057 1472 4125 60,,161,1.61,3.66,.416,6.86,.4

328 4125 383 4195 [90,
400 4127 436 4195 1).
457 4131 500 4191 95,
517 4130 540 4179 1.
561 4130 604 4192 97,
622 4132 645 4179 1.
660 4129 685 4178 6.
722 4123 750 4176 id
770 4124 846 4191 qnod
864 4096 908 4191 44,
923 4131 948 4178 4,
968 4132 1010 4191 61,
1026 4131 1095 4179 3.-
1107 4125 1214 4179 eratin
1233 4141 1266 4178 eo
1286 4143 1399 4196 campo,
1423 4101 1472 4184 irbi

327 4213 361 4250 ea
379 4215 422 4250 res
442 4195 611 4265 gerebatur,
628 4195 698 4278 yilla
717 4202 764 4261 40,
786 4203 809 4250 1.
847 4211 880 4249 66
899 4196 975 4263 1666,
999 4197 1047 4250 ubi
1071 4203 1118 4264 69,
1138 4201 1161 4250 5.
1200 4196 1235 4250 ad
1260 4212 1323 4250 eum
1345 4197 1471 4269 (locum),

326 4266 400 4322 unde
419 4273 500 4329 386
539 4269 567 4336 6)
586 4285 654 4336 qur
673 4285 698 4320 rs
717 4273 799 4336 483

415 4339 484 4393 istc.
523 4342 569 4405 13,
592 4343 616 4395 1.
641 4345 689 4408 46,
708 4345 732 4393 6.
770 4339 846 4393 istud
869 4338 994 4394 1666666666
1016 4343 1065 4408 46,
1084 4344 1108 4394 4.
1145 4338 1200 4394 1666
1224 4339 1317 4393 uterer
1335 4340 1470 4397 beneficio

327 4413 370 4474 45,
385 4415 409 4464 6.
446 4410 514 4464 istas
533 4411 579 4477 (ac.
598 4409 718 4478 11116666)
737 4416 763 4478 4,
779 4416 802 4466 3.
