3292 5132
592 331 809 392 PRAEFATIO.
1184 334 1276 391 XXXI

148 519 204 562 non
219 497 251 560 in
267 494 550 579 reprehensionem
567 495 713 579 incurrit,
735 495 783 558 ita
800 518 842 560 ne
860 517 925 560 uno
945 497 1075 580 quidem
1094 497 1165 563 loco
1185 520 1275 563 more

149 586 342 652 Ciceroniano
381 583 576 648 adiectivum
612 584 664 648 bis
700 583 841 667 positum
880 607 949 650 esse
986 586 1182 651 monendum
1216 590 1276 652 est.

148 675 239 739 Multo
262 673 365 758 magis
390 673 431 738 ab
456 673 620 758 elegantia
643 673 802 737 sermonis
825 673 968 747 Tulliani
995 675 1124 759 recedit,
1147 698 1221 740 cum
1241 677 1277 739 in

148 764 258 828 duobus
286 761 463 827 enuntiatis
491 762 638 827 relativIs
664 784 843 846 pronomen
873 763 975 846 priori
998 763 1128 847 quidem
1152 787 1279 830 accom-

147 853 298 917 modatum
323 856 385 934 est,
413 851 447 914 in
478 850 580 915 altero
609 853 765 915 omissum
788 851 852 917 alio
876 873 952 916 casu
976 853 1027 918 vel
1052 853 1116 917 alio
1140 875 1275 918 numero

147 942 348 1026 supplendum
371 943 430 1023 est,
454 961 518 1024 qua
541 939 579 1003 dc
603 961 638 1003 re
661 939 783 1004 dictum
807 944 857 1004 est
880 941 992 1025 11164,
1014 943 1040 1006 1.

222 1029 258 1095 In
282 1028 435 1116 gradibus
459 1029 710 1112 comparationis
734 1029 851 1093 similis
873 1030 1018 1094 notanda
1042 1035 1128 1094 esset
1156 1031 1276 1114 asperi-

145 1123 188 1182 tas
214 1119 242 1183 b.
264 1118 334 1182 Afr.
358 1117 414 1199 56,
442 1118 462 1182 2
496 1117 712 1182 ‘inlustriores
744 1117 996 1203 notissimique,
1032 1119 1090 1183 sed
1123 1119 1276 1204 quoniam

148 1209 272 1272 alterum
296 1206 440 1272 eiusdem
464 1208 592 1290 generis
617 1207 799 1290 exemplum
822 1207 857 1272 in
876 1208 1113 1272 commentario
1141 1231 1206 1272 non
1230 1209 1276 1273 in-

144 1297 273 1380 venitur,
306 1295 541 1380 superlativum
573 1295 683 1360 deberi
715 1295 928 1380 grammatico
963 1296 1111 1361 diximus.
1161 1297 1277 1363 Levior

146 1391 188 1449 111
207 1384 440 1450 inconcinnitas
460 1384 512 1468 33,
534 1386 549 1448 1
572 1407 635 1468 quo
659 1385 761 1449 tutius
789 1385 824 1449 id
848 1389 881 1450 et
905 1385 972 1450 sine
1000 1385 1145 1470 periculo
1169 1385 1275 1450 facere

144 1479 251 1558 posset,
275 1496 338 1558 qua
362 1473 400 1536 de
423 1494 458 1536 re
482 1473 827 1556 11.1111101.11120,1.

223 1562 370 1647 Denique
394 1561 624 1646 antiquitatem
652 1562 776 1627 redolet
804 1563 937 1627 liberior
965 1562 1116 1648 asyndeti
1142 1563 1277 1628 bimem-

146 1651 204 1716 bris
225 1673 314 1736 usus,
335 1655 405 1716 tam
428 1651 464 1713 in
486 1651 701 1716 substantivis
725 1649 779 1736 (ad
799 1652 851 1734 83,
870 1652 905 1738 2)
931 1673 1028 1736 quam
1050 1653 1085 1715 in
1108 1652 1275 1717 adiectivis

145 1736 191 1824 (ad
210 1742 259 1825 78,
277 1740 323 1827 2),
347 1739 454 1804 verbis
478 1735 534 1826 (ad
554 1741 605 1824 74,
625 1736 661 1826 1)
680 1743 713 1804 et
732 1740 892 1806 adverbiis
912 1738 967 1827 (ad
987 1742 1039 1825 69,
1057 1737 1102 1828 4).
1135 1741 1186 1805 De
1204 1763 1277 1806 con·

145 1831 311 1894 structione
338 1829 420 1893 κατὰ
448 1829 584 1894 σύνεσιν
612 1829 715 1893 11111
747 1830 796 1914 15,
815 1831 843 1894 2.
868 1830 919 1913 95,
941 1831 973 1912 1;
1002 1830 1041 1894 de
1070 1831 1280 1895 anacolutbia

146 1919 178 1982 ad
201 1918 298 2006 25,1.

224 2094 470 2181 Quaerentibus,
490 2094 575 2180 quis
593 2097 738 2161 librum
759 2096 1055 2180 conscripserit,
1075 2101 1151 2161 ante
1171 2098 1280 2162 omnia

146 2184 322 2268 deponenda
352 2189 402 2250 est
435 2184 543 2268 opinio
575 2185 778 2270 Nipperdeii‚
810 2187 865 2271 qui
897 2189 1064 2250 auctorem
1096 2208 1163 2251 non
1194 2186 1280 2250 inter

145 2271 281 2339 Caesaris
306 2273 496 2357 familiares,
526 2275 580 2338 1111
610 2294 648 2338 ex
676 2273 839 2340 inferioris
868 2275 1065 2340 condicionis
1093 2275 1280 2339 hominibus

145 2361 233 2428 luisse
256 2362 390 2447 putavit
409 2360 555 2448 (Quaest.
576 2361 703 2428 Caesar.
726 2385 779 2450 pg.
799 2365 850 2429 33.
870 2361 941 2450 34);
964 2364 1051 2428 hand
1075 2364 1171 2428 facile
1194 2365 1280 2428 enim

147 2473 331 2537 quemquam
353 2457 422 2516 tam
446 2452 531 2516 male
555 2452 753 2536 scripturum
776 2454 885 2518 fuisse.
916 2453 1027 2536 Longe
1052 2453 1147 2516 aliter
1169 2452 1279 2517 Iustus

146 2537 263 2623 Lipsius
282 2540 386 2606 Elect.
400 2540 434 2604 H
448 2542 504 2606 22:
525 2540 626 2605 ‘Inter
645 2541 784 2626 libellos,
803 2541 859 2625 qui
877 2541 1021 2606 adiuncti
1040 2541 1279 2605 commentariis

145 2627 280 2715 Iulianis,
304 2651 387 2694 unus
412 2635 460 2694 est
485 2630 522 2693 de
542 2630 628 2694 bello
648 2629 812 2716 Africano,
832 2631 886 2714 qui
910 2651 960 2693 me
983 2631 1087 2694 iudice
1110 2651 1177 2693 non
1195 2629 1280 2693 inter

146 2717 212 2783 illos
232 2723 362 2784 tantum
382 2718 510 2802 eminet,
530 2719 587 2783 1111
604 2719 690 2783 inter
707 2720 877 2804 plerosque
897 2718 1045 2783 Romana
1065 2719 1195 2802 scripta.
1228 2717 1280 2782 Ita

146 2810 223 2872 tersa
253 2810 288 2873 in
321 2830 359 2873 eo
390 2813 423 2872 et
456 2808 496 2872 ad
529 2807 688 2872 comicum
720 2830 844 2874 morem
876 2831 958 2892 pura
991 2807 1104 2891 dictio,
1133 2807 1280 2891 simplex,

146 2895 311 2962 cohaerens
335 2901 368 2960 et
391 2897 527 2962 candida
550 2897 705 2982 narratio,
722 2897 806 2962 nihil
830 2897 968 2982 quaesiti
988 2898 1104 2963 coloris
1130 2900 1187 2961 aut
1205 2897 1280 2980 fuci,

145 2988 244 3052 omnia
268 2987 405 3069 denique
427 2987 498 3069 ipso
523 2983 661 3051 Caesare
685 2987 835 3073 digniora
859 3009 955 3071 quam
980 2987 1205 3050 commentarii
1228 2986 1279 3049 illi

146 3075 193 3156 qui
221 3074 391 3140 feruntur?
438 3074 499 3150 Qui
531 3078 569 3138 ut
602 3076 794 3160 scriptorem
820 3076 923 3141 nimia
952 3075 1046 3140 laude
1075 3075 1206 3158 adfecit,
1234 3075 1281 3138 ita

145 3160 352 3248 Nipperdeius
379 3163 463 3228 hanc
492 3165 533 3228 ob
565 3185 696 3246 causam
728 3164 869 3249 iniquius
901 3163 1069 3247 iudicavit,
1100 3165 1176 3247 quia
1205 3185 1280 3228 eum

145 3255 209 3332 pari
230 3254 298 3318 fere
322 3253 394 3318 loco
418 3275 492 3318 cum
511 3256 641 3321 auctore
660 3253 740 3317 belli
758 3253 984 3337 Hispaniensis
1004 3254 1189 3336 ponendum
1209 3274 1280 3317 esse

148 3340 204 3405 sibi
225 3345 440 3426 persuaserat.
488 3340 523 3405 Si
547 3347 657 3406 autem
680 3346 766 3408 recte
790 3365 824 3406 se
847 3343 982 3427 habent,
1007 3363 1087 3425 quae
1116 3341 1154 3405 de
1183 3343 1280 3406 inter-

144 3430 359 3510 polationibus
379 3435 411 3496 et
429 3431 638 3516 glossematis
658 3454 757 3514 supra
771 3453 823 3517 pg.
837 3429 932 3496 XVII
945 3453 991 3515 sq.
1010 3430 1233 3508 disseruimus,
1253 3429 1281 3492 si

145 3539 233 3599 porro
258 3521 388 3586 collatis
412 3520 575 3586 codicibus
596 3523 628 3585 et
647 3520 840 3585 coniecturis
859 3522 981 3584 nostris
1001 3519 1123 3602 aliquid
1143 3518 1182 3582 ad
1202 3517 1279 3582 libri

144 3610 393 3674 emendationem
413 3610 618 3693 contulimus,
632 3609 901 3675 commentarium
921 3631 993 3674 euni
1011 3630 1097 3672 nunc
1116 3607 1281 3690 habemus,

145 3698 191 3779 qui
219 3699 307 3764 bono
340 3698 498 3783 scriptore
530 3720 597 3764 non
624 3699 776 3785 indignus
807 3698 858 3764 sit.
904 3696 953 3762 Cf.
975 3697 1122 3783 Madvig,
1145 3696 1280 3760 Advers.

144 3785 205 3850 crit
231 3787 350 3853 11285
377 3789 461 3852 liber
489 3787 568 3851 belli
590 3785 738 3852 Africani
768 3792 800 3853 et
828 3808 945 3873 genere
973 3789 1046 3852 toto
1070 3786 1224 3850 narrandi
1248 3789 1280 3849 et

144 3876 293 3941 orationis
315 3875 423 3942 forma
446 3877 548 3940 multo
577 3877 707 3960 longius
732 3900 750 3942 a
774 3877 912 3942 Caesare
941 3876 981 3940 ad
1009 3875 1172 3960 plebeium
1196 3875 1280 3939 colo·

143 3983 213 4048 rem,
235 3969 435 4030 nontamen
459 3965 528 4029 sine
553 3965 759 4030 affectatione
778 3966 917 4050 quadam
938 3965 1118 4050 elegantiae
1142 3967 1174 4027 11
1198 3963 1279 4026 anti-

144 4054 272 4134 quitatis
296 4055 484 4138 deflectens3
509 4054 664 4138 aquibus
687 4055 781 4119 valde
800 4055 961 4138 discrepat
980 4054 1120 4118 eiusdem
1143 4073 1279 4116 censura

143 4139 214 4207 libri
245 4144 283 4208 de
315 4145 401 4209 bello
434 4143 645 4228 Hispaniensi
676 4142 807 4208 11289:
841 4144 882 4208 ab
914 4143 1018 4207 infimi
1050 4141 1116 4206 loci
1147 4141 1279 4204 homine

144 4231 277 4316 scriptus
300 4233 431 4298 confuse
456 4237 488 4298 et
512 4254 659 4297 sermone
683 4254 783 4315 usque
808 4233 848 4296 ad
871 4230 1058 4296 barbariem
1080 4229 1212 4294 rustico.

222 4320 426 4406 Quamquam
450 4321 595 4404 Caesari,
624 4321 709 4404 quod
742 4321 821 4384 olim
848 4320 882 4383 in
910 4323 1051 4384 mentem
1075 4318 1165 4384 venit
1187 4318 1279 4384 Iusto

145 4405 260 4496 lipsio,
276 4433 372 4477 nemo
392 4411 538 4496 profecto
557 4411 676 4474 librum
697 4408 832 4494 addicet,
852 4407 926 4494 quia
946 4409 1013 4473 cius
1034 4408 1156 4474 dicendi
1178 4429 1279 4493 genus
