3260 5140
325 372 389 436 242
723 370 839 426 INDEX
857 368 1069 424 VERBORUM.

414 547 492 602 spes.
528 531 559 584 in
577 529 605 584 C.
626 529 753 584 Caesaris
776 529 927 585 clementia
946 546 1024 599 spem
1046 529 1150 584 habere
1174 535 1217 597 88,
1233 538 1257 588 6.
1294 531 1477 599 impunitatis

325 619 373 673 666
397 609 439 671 86,
455 611 479 658 8.
517 605 643 671 666666
669 603 754 668 atque
779 601 881 656 fiducia
905 601 1019 657 inflatus
1047 607 1088 670 19,
1103 608 1128 656 4.
1166 601 1316 670 animoque
1343 603 1386 674 [et
1411 605 1476 675 666]

324 675 481 732 confidebat
503 683 525 741 1,
540 681 565 729 4.

413 748 530 816 sponte.
568 761 624 800 non
643 739 737 797 destra
756 762 776 798 ι.
796 750 839 810 44,
854 750 878 798 3.
917 759 967 797 666
986 761 1007 796 6.
1028 750 1070 811 47,
1086 750 1111 798 6.

413 822 563 885 61666666.
602 835 622 869 6.
643 814 796 870 salinarum
816 821 858 882 80,
876 822 899 869 1.
927 831 1053 884 666666.
1073 815 1186 884 postero
1206 815 1393 872 6166666666
1408 833 1478 870 oon·

324 889 498 944 ΜΗΜ.

412 932 527 1015 stiam.
564 958 693 1027 pervenit
711 958 863 1026 statimque
882 956 1007 1012 ostendit
1027 963 1090 1024 1,1.
1128 958 1238 1028 [naves]
1263 975 1285 1010 s.
1309 960 1354 1013 est
1377 975 1478 1014 66666-

326 1035 405 1084 66666
425 1033 470 1099 (=
490 1031 613 1097 6666666)
637 1035 662 1096 2,
677 1035 702 1082 4.
739 1029 768 1082 in
793 1030 944 1097 conspectu
967 1045 1017 1083 suo
1037 1029 1160 1100 [statim]
1185 1027 1329 1097 captivum
1353 1028 1481 1086 interfici

324 1103 402 1156 iubet
420 1108 445 1168 4,
460 1108 485 1156 4.
522 1116 607 1154 naves
628 1103 791 1155 exoneratas
812 1119 832 1154 s.
852 1102 952 1154 iubet.
968 1139 974 1154 .
991 1143 996 1154 .
1012 1099 1152 1168 proficisci
1167 1107 1209 1166 37,
1225 1107 1248 1154 1.
1286 1117 1309 1156 e.
1324 1117 1358 1154 ex
1373 1103 1478 1156 itinere

326 1179 369 1242 (ex
388 1172 487 1227 itinere
503 1170 678 1241 delendaml)
693 1176 759 1226 ante
775 1173 908 1241 oppidum
922 1169 1051 1226 constitit
1070 1176 1113 1237 86,
1130 1179 1153 1225 1.
1188 1190 1208 1226 s.
1224 1170 1290 1226 inde
1306 1173 1478 1244 [digressus]

324 1268 360 1292 ω
378 1243 477 1299 eodem
496 1245 549 1298 iter
568 1243 660 1296 lacere
680 1244 824 1297 contendit
842 1248 885 1310 86,
901 1250 925 1297 3.

414 1315 517 1370 statio.
555 1314 683 1382 equitatu
706 1313 735 1367 in
758 1313 881 1368 statione
905 1313 1042 1382 disposito
1067 1319 1115 1382 38,
1130 1319 1156 1367 2.
1193 1313 1315 1368 alternas
1343 1315 1478 1370 cohortes

324 1388 354 1440 in
372 1386 493 1441 statione
511 1385 615 1438 habere
634 1390 716 1452 21,1.
755 1385 803 1453 qui
821 1383 952 1454 (equites)
966 1385 997 1438 in
1011 1385 1133 1439 statione
1148 1385 1261 1440 fuerant
1280 1391 1322 1452 31,
1338 1392 1368 1450 23
1389 1393 1434 1453 78,
1450 1394 1477 1442 3.

325 1463 407 1526 29,1.
445 1474 513 1526 quoe
532 1457 562 1510 in
581 1454 749 1510 stationibus
768 1471 831 1510 oum
853 1457 946 1524 longis
969 1455 1089 1512 navibus
1108 1456 1184 1524 apud
1203 1456 1345 1526 Thapsum
1367 1457 1478 1526 [custo-

326 1528 389 1584 diae
409 1530 505 1599 causa]
524 1527 554 1582 in
575 1527 635 1581 salo
654 1543 713 1582 esse
732 1526 854 1581 iusserat
876 1535 919 1593 46,
934 1534 959 1583 4.
980 1557 1013 1568 —
1033 1526 1206 1596 praesidium
1229 1528 1259 1580 66
1283 1526 1370 1582 statio
1390 1535 1434 1595 37,
1450 1537 1478 1584 6.

326 1600 432 1671 [38,2].
445 1631 475 1640 -
488 1616 560 1668 quae
581 1599 687 1666 (naves)
706 1597 737 1652 in
755 1599 878 1653 statione
893 1598 969 1668 apud
983 1598 1127 1666 Thapsum
1143 1599 1258 1654 stabant
1272 1603 1314 1653 63.
1348 1597 1478 1669 Cispium

325 1689 402 1796 cumhl
415 1671 503 1726 classe
531 1669 635 1724 XXVII
662 1671 775 1724 navium
803 1671 839 1724 ad
867 1671 1010 1738 Thapsum
1038 1686 1135 1722 versus
1163 1670 1194 1723 in
1222 1670 1377 1725 stationem
1403 1715 1409 1726 .
1436 1714 1442 1726 .
1469 1715 1474 1727 .

325 1742 378 1795 mit
394 1741 415 1796 't
434 1749 467 1798 62
492 1749 517 1796 2.

413 1783 574 1868 *6616666
612 1812 640 1883 [0
660 1811 770 1866 66666
790 1812 901 1882 casua]
921 1817 964 1880 re,
980 1819 1004 1867 6.

326 1956 344 2010 b
414 1884 515 1940 611168.
552 1885 631 1938 extra
650 1883 755 1938 vallum
774 1883 834 1937 stili
852 1883 930 1938 caeci
949 1881 1128 1940 ...aditum
1147 1882 1316 1938 adversariis
1340 1885 1477 1953 prohibe-

346 1959 396 2012 ant
415 1963 457 2020 31,
474 1965 496 2011 7.

414 2025 643 2096 stipendiarius.
680 2026 808 2080 66666666
827 2031 869 2079 43.
908 2025 984 2094 quod
1003 2024 1180 2095 stipendiarii
1199 2029 1246 2093 (=
1265 2029 1314 2095 qai
1332 2029 1476 2096 stipendia

324 2099 445 2164 saciant)
463 2099 587 2152 aratores
606 2096 736 2168 [milites]
757 2099 849 2150 essent
867 2096 938 2151 lacti
957 2102 1000 2164 20,
1015 2102 1039 2152 4.

415 2168 609 2238 8616666166.
646 2168 773 2236 ac'oipere
792 2175 852 2235 6,1.
882 2172 929 2235 (=
942 2170 1107 2237 praemium)
1123 2169 1264 2237 stipendio
1280 2168 1378 2224 donati
1394 2178 1437 2239 36,
1448 2178 1476 2228 6.

415 2240 505 2310 stipo.
542 2256 607 2294 6666
626 2244 690 2308 6666
708 2255 738 2292 66
756 2237 917 2307 frequentes
936 2238 1111 2308 stipatusque
1130 2240 1274 2308 proterere
1293 2245 1337 2307 83,
1352 2247 1376 2295 2.

415 2315 472 2368 660.
509 2311 561 2366 sub
585 2310 670 2364 armis
693 2316 781 2379 42,1.
818 2312 869 2364 666
893 2312 975 2364 66666
998 2316 1081 2377 61,6.
1101 2310 1252 2366 -classis
1277 2313 1306 2366 in
1331 2314 1444 2368 6616..
1469 2356 1475 2368 .

326 2384 422 2440 stabat
441 2392 483 2450 62,
498 2390 522 2438 4.
538 2388 562 2436 6.
601 2399 673 2451 quae
692 2384 798 2449 (naves)
817 2382 847 2435 in
867 2383 988 2436 statione
1008 2426 1013 2437 .
1034 2423 1040 2436 .
1061 2382 1175 2436 stabant
1193 2388 1236 2437 63.

415 2455 541 2510 stridor.
578 2456 606 2523 6)
625 2455 840 2523 elephantorum:
864 2458 907 2520 72,
922 2461 945 2507 4.
971 2459 1015 2520 84,
1031 2460 1053 2508 1.
1069 2460 1094 2506 4.
1133 2455 1160 2520 b)
1181 2454 1300 2507 stridore
1322 2453 1476 2512 fundarum

326 2528 353 2582 la
373 2527 451 2582 idum
469 2533 513 2594 83,
528 2531 552 2580 2.

355 2547 372 2597 p
415 2599 579 2654 studiosus.
617 2597 670 2666 (ut)
690 2595 780 2666 magis
798 2595 827 2650 iu
852 2594 1016 2650 seditione.
1038 2639 1044 2650 .
1065 2638 1071 2651 .
1091 2613 1175 2664 quam
1200 2595 1316 2666 pudoris
1339 2598 1475 2653 modesti·

326 2687 414 2738 aeque
433 2669 543 2724 fueritis
561 2667 743 2722 studiosiores
763 2673 806 2735 54,
820 2673 845 2724 6.

415 2742 560 2797 studium.
602 2755 697 2794 eorum
721 2740 814 2793 studio
839 2738 1044 2808 cupiditatique
1075 2741 1121 2808 (sc.
1145 2739 1301 2809 pugnandi)
1325 2739 1477 2797 resistente

327 2821 373 2880 82,
390 2820 413 2868 3.
439 2844 471 2852 -
496 2814 610 2866 deorum
633 2811 778 2866 voluntate
802 2810 951 2878 studioque
975 2827 1042 2879 erga
1066 2809 1213 2865 Caesarem
1238 2817 1285 2878 74,
1304 2817 1330 2866 2.
1367 2813 1477 2882 gratias

327 2903 377 2954 pro
397 2901 491 2938 eorum
511 2899 578 2950 erga
596 2898 625 2936 ss
645 2881 737 2935 studio
757 2883 815 2950 egit
834 2887 876 2948 90,
893 2888 933 2938 1..

416 2954 482 3010 sub.
519 2971 540 3008 c.
565 2969 687 3008 occas:
710 2971 732 3008 s.
755 2954 856 3022 pedem
880 2952 1025 3007 subditum
1043 2951 1153 3022 (lixam)
1171 2959 1214 3020 84,
1231 2958 1255 3007 1.
1272 2984 1304 2992 -
1320 2971 1341 3008 6.
1359 2973 1476 3008 manum

326 3028 495 3094 (56661166)
520 3024 645 3094 Scipioni
670 3024 698 3078 in
725 3026 817 3079 castra
842 3024 1008 3078 submittere
1033 3030 1124 3093 36,1.
1163 3043 1184 3079 ι.
1211 3040 1359 3093 vesperum
1387 3031 1475 3091 10,1.

327 3106 409 3167 62,1.
436 3105 478 3166 73,
493 3102 518 3151 4.
539 3129 571 3136 -
591 3095 642 3152 sub
661 3094 832 3165 Hiempsalis
856 3095 930 3165 regis
955 3098 1035 3150 66666
1058 3095 1118 3150 dati
1140 3099 1311 3164 potestatem
1335 3103 1378 3163 66,
1394 3103 1417 3150 3.
1438 3129 1474 3138 —

326 3189 347 3227 c.
368 3171 488 3224 oblat:
513 3167 617 3223 milites
636 3186 657 3221 6.
677 3183 759 3221 66666
778 3184 811 3221 66
831 3167 907 3237 [666]
927 3166 1044 3221 sarcinis
1064 3167 1235 3235 defatigatos
1256 3173 1298 3234 76,
1312 3174 1336 3222 3.
1374 3185 1394 3222 6.
1413 3169 1475 3238 661-

326 3242 400 3296 libus
415 3240 598 3310 quiescebant
617 3246 660 3304 47,
675 3245 699 3294 6.
734 3256 754 3292 6.
770 3239 847 3292 terra
866 3244 908 3305 66,
924 3244 947 3292 1.
982 3258 1002 3293 6.
1018 3240 1290 3306 armisstare42,1.
1307 3269 1339 3278 -
1355 3259 1376 3294 s.
1390 3241 1474 3294 hoste

328 3316 402 3368 stara
426 3319 468 3381 61,
484 3321 508 3368 6.
529 3341 562 3352 -
587 3310 772 3366 subditione
796 3311 826 3363 66
850 3311 990 3378 potestate
1015 3327 1075 3364 6666
1099 3316 1181 3378 77,1.
1201 3341 1235 3350 -
1254 3309 1304 3378 qui
1328 3313 1381 3365 sub
1403 3311 1475 3366 Iuba

326 3387 493 3454 Petreioque
512 3384 623 3437 ordines
643 3383 781 3436 duxerant
799 3387 842 3448 97,
857 3389 881 3436 2.

415 3456 521 3512 subdo.
559 3456 610 3509 sub
629 3454 730 3523 pedem
748 3453 891 3506 subditum
910 3452 1018 3522 (lixam)
1037 3459 1080 3520 84,
1097 3459 1120 3506 1.

416 3528 559 3584 subduco.
597 3541 627 3579 66
653 3525 725 3579 clam
751 3541 815 3578 cum
839 3526 937 3593 paucis
963 3523 1088 3578 barbaris
1112 3566 1118 3578 .
1138 3567 1145 3578 .
1169 3522 1301 3580 subducit
1326 3530 1418 3593 93,1.
1441 3557 1473 3566 -

327 3617 409 3670 quam
430 3601 569 3666 (classem)
589 3597 689 3652 Uticae
708 3597 879 3650 subduxerat
897 3601 983 3662 62,1;
1004 3601 1046 3663 63,
1061 3602 1085 3650 6.

416 3671 545 3726 subicio.
582 3669 676 3738 ignem
696 3674 738 3734 87,
754 3675 777 3722 2.
797 3674 840 3732 91,
856 3673 880 3720 2.

417 3743 529 3798 subito.
568 3744 594 3808 1)
613 3745 762 3809 preeunte
784 3741 926 3794 enuntiato
950 3740 1092 3805 temporali
1116 3743 1189 3802 (aum
1210 3769 1241 3776 —
1262 3737 1382 3808 rubim:
1406 3754 1473 3792 con-

328 3813 432 3870 sistunt
451 3821 476 3880 6,
490 3822 515 3867 2.
552 3817 721 3882 6666666666
741 3815 782 3877 14,
797 3817 822 3864 2.
859 3810 1113 3878 coeperunt14,1.
1152 3807 1269 3879 [subito]
1289 3851 1297 3864 .
1316 3850 1322 3862 .
1343 3850 1350 3862 .
1370 3826 1400 3862 se
1414 3827 1474 3864 mo-

326 3903 391 3940 rere
410 3884 528 3956 [coepit]
553 3890 596 3951 61,
611 3890 635 3937 2.
673 3881 981 3947 conferebatur11,1.
1019 3881 1113 3950 erupit
1136 3887 1199 3948 8,1.
1236 3880 1382 3935 obsecrare
1406 3883 1474 3949 (inf.

325 3959 401 4018 bist.)
420 3963 463 4024 82,
478 3963 504 4010 2.
541 3958 582 4021 66,
602 3972 664 4009 cum
684 3997 690 4008 .
711 3997 716 4009 .
738 3995 744 4007 .
763 3952 933 4022 legionarios
953 3953 1068 4006 adortus
1087 3956 1170 4019 66666,
1189 3969 1223 4006 ex
1242 3952 1313 4006 colle
1332 3951 1428 4006 subito
1444 3971 1474 4008 se

328 4030 470 4098 equitatus
494 4027 656 4083 ostenderet
678 4032 724 4092 60,
740 4033 765 4080 2.
786 4056 818 4066 -
838 4041 902 4078 cum
925 4024 1018 4078 subito
1041 4041 1107 4092 6666
1131 4024 1273 4093 equitatus
1291 4046 1326 4071 ω
1344 4022 1474 4078 multitu·

328 4101 420 4155 dinem
440 4100 564 4154 hostium
589 4098 722 4152 sustinere
746 4113 800 4150 non
825 4097 976 4164 potueruut
999 4101 1047 4162 61,
1062 4101 1086 4148 8.
1112 4125 1144 4134 -
1168 4100 1195 4161 2)
1214 4111 1276 4150 oum
1297 4095 1474 4150 6661666616
1580 4107 1617 4142 ’ἐι

327 4173 473 4242 eruptione
492 4171 569 4226 lacta
588 4176 631 4236 23,
645 4175 671 4226 2.
708 4168 736 4222 iu
755 4171 890 4222 terrorem
914 4182 1049 4221 converso
1068 4168 1196 4236 equitatu
1214 4171 1257 4231 40,
1273 4173 1297 4218 2.
1334 4167 1474 4235 grandine
1616 4231 1617 4241 χ

328 4247 479 4299 consecuta
496 4249 539 4310 47,
555 4249 579 4298 8.
608 4242 731 4294 elamore
749 4239 825 4293 iacto
845 4245 888 4304 80,
903 4243 927 4292 6.
956 4236 1052 4292 oblata
1071 4240 1163 4292 salute
1182 4244 1225 4304 90,
1239 4243 1264 4292 2.
1285 4267 1317 4278 -
1337 4239 1365 4306 3)
1379 4255 1475 4306 neque
1585 4270 1592 4294 e
1615 4271 1617 4314 l

328 4314 510 4384 opinantibus
529 4311 704 4368 Caesarianis
723 4309 816 4365 adorti
835 4317 859 4374 7,
876 4316 901 4364 6.
933 4312 1137 4364 6666666666
1156 4315 1238 4376 36,1.
1271 4307 1411 4363 frumento
1431 4311 1474 4364 in·
1581 4327 1594 4368 χ·
1613 4333 1617 4344 ·

328 4403 411 4441 66666
440 4430 446 4442 .
471 4431 477 4442 .
503 4426 509 4438 .
537 4385 665 4452 Acyllam
694 4381 819 4438 deseruit
845 4387 888 4436 43.
924 4381 1046 4450 imperat
1072 4387 1114 4450 66,
1135 4389 1158 4436 1.
1194 4379 1316 4434 inmittit
1341 4382 1475 4436 cohortes
1604 4425 1616 4446 ,

330 4463 371 4524 18,
387 4464 411 4512 6.
450 4473 480 4511 66
499 4457 535 4509 ad
558 4473 649 4524 genua
671 4455 774 4523 proicit
798 4459 841 4520 89,
856 4461 881 4510 4.
918 4455 950 4506 ut
973 4469 995 4507 6.
1018 4453 1140 4507 existant
1158 4459 1183 4519 7,
1197 4459 1222 4508 6.
1258 4467 1357 4506 cauere
1379 4453 1476 4521 coepit
1581 4489 1616 4538 ··:'
