3312 5130
581 373 696 430 INDEX
714 373 927 433 VERBORUM.
1259 378 1321 443 161

270 535 366 591 accio.
403 536 512 590 eunctis
532 535 619 605 copiis
638 536 804 605 auxiliisque
823 537 920 592 accitis
939 544 982 606 96,
997 543 1021 593 3.

270 607 399 676 accipie.
435 608 545 661 litteras
570 613 594 674 4,
614 614 638 662 3.
676 609 846 678 stipendium
866 616 891 672 6,
912 615 935 662 1.
958 641 992 650 -
1017 608 1209 664 condicionem
1230 616 1277 677 90,
1298 617 1323 664 9.

177 678 366 748 1116111933.
403 678 625 747 1166616167,3.
662 681 735 734 male
754 681 845 749 accipi
866 685 907 749 18,
922 687 946 734 6.
970 687 1013 749 41,
1031 688 1053 735 1,
1090 680 1212 750 reliquos
1229 723 1234 736 .
1251 682 1323 736 ..in

177 749 353 804 deditionem
371 748 477 818 accipit
495 755 538 817 96,
553 757 578 803 9.

270 821 453 877 accuratius.
491 821 637 890 scorpione
656 839 682 878 a.
700 821 787 878 misso
806 829 848 890 99,
869 830 893 876 3.
931 823 1081 892 productas
1102 841 1126 878 a.
1146 840 1209 877 suas
1228 825 1323 892 copias

177 893 252 947 sicut
269 892 439 947 instruxerat
458 898 500 959 73,
515 897 540 946 4.
594 907 597 914 ’

184 1001 187 1008 -
269 978 388 1019 accuse.
425 963 521 1017 multis
540 963 632 1018 verbis
651 967 796 1018 accusatos
816 963 965 1034 (civerit.)
984 970 1066 1034 90,1.

269 1035 431 1091 acerbitas.
470 1036 503 1089 de
528 1034 750 1089 adversariorum
775 1035 942 1091 crudelitate
968 1037 1177 1105 acerbitateque
1204 1054 1322 1092 comme·

177 1122 288 1161 morare
307 1113 350 1173 96,
365 1113 390 1160 9.

269 1178 408 1234 66611169.
445 1177 626 1232 acerbissimo
647 1177 773 1232 afficiunt
791 1177 930 1248 supplicio
949 1185 992 1245 87,
1006 1184 1031 1234 9.

270 1264 407 1305 66611119.
444 1249 569 1303 sarcinas
587 1251 617 1302 in
636 1265 767 1303 acervum
787 1250 952 1318 comportare
972 1255 1014 1317 69,
1030 1255 1055 1304 9.
1120 1293 1125 1302 .

269 1321 361 1377 acies.
388 1322 518 1388 (formum
536 1320 655 1388 661651,
671 1326 686 1373 6
705 1322 777 1387 falso
795 1322 925 1375 66666111
938 1322 1324 1391 616666616666661161661.)

177 1393 271 1460 prima
291 1398 373 1459 16,1.
399 1393 521 1446 secunda
536 1399 578 1458 88,
593 1399 617 1446 3.
638 1397 680 1459 60,
695 1397 720 1446 9.
745 1393 830 1446 161116
849 1397 892 1460 60,
907 1399 931 1448 3.
959 1395 1061 1461 quarta
1075 1397 1118 1459 81,
1136 1400 1158 1448 1.
1186 1395 1323 1461 equestris

180 1469 223 1530 38,
240 1470 265 1516 3.
284 1468 328 1531 41,
343 1469 368 1518 9.
397 1461 568 1518 subsidiaria
586 1468 628 1530 69,
644 1468 668 1518 9.
697 1463 767 1516 duas
787 1462 921 1517 iustruxit
939 1464 1027 1531 acies,
1046 1480 1131 1517 unam
1149 1462 1323 1518 funditorum

177 1552 217 1602 sq.
237 1540 282 1603 97,
298 1541 321 1589 1.
340 1565 375 1574 -
394 1535 514 1604 simplex
534 1541 576 1602 13,
591 1541 616 1588 9.
648 1533 752 1603 triplex
771 1539 814 1602 81,
830 1541 853 1590 1.
883 1534 1057 1604 quadruplex
1075 1541 1118 1602 41,
1135 1541 1159 1588 9.
1190 1553 1214 1589 a.
1229 1536 1324 1590 media

178 1611 221 1670 69,
237 1611 263 1660 9.
282 1611 324 1674 60,
342 1612 364 1660 1.
384 1611 427 1674 41,
443 1612 467 1660 3.
496 1606 603 1676 [tall.
641 1605 714 1660 acies
734 1606 843 1659 mediae
864 1612 905 1674 14,
920 1612 945 1660 9.
977 1605 1250 1673 ’661616666696
1288 1609 1321 1660 ad

179 1677 251 1730 aciei
271 1693 338 1731 suae
357 1675 480 1732 mediam
495 1678 635 1745 legionem
651 1681 693 1742 60,
708 1683 732 1730 3.
762 1677 798 1730 ad
811 1679 939 1731 dextram
953 1678 1061 1747 partem
1077 1693 1144 1732 suae
1159 1679 1231 1732 aciei
1245 1685 1287 1746 69,
1298 1683 1323 1732 6.

179 1749 381 1803 animadvertit
399 1747 489 1802 aciem
507 1765 558 1818 pro
577 1746 652 1802 vallo
672 1753 715 1815 81,
732 1755 755 1802 1.
784 1765 809 1802 a.
828 1749 883 1802 fuit
901 1749 1048 1802 conlocata
1067 1754 1109 1816 60,
1126 1753 1149 1802 1.
1183 1751 1323 1804 constituo

179 1823 222 1885 58,
238 1824 262 1872 1.
300 1820 397 1890 derigo
426 1825 468 1888 13,
484 1826 507 1874 1.
535 1824 617 1888 69,1.
655 1820 715 1874 6616
741 1820 879 1875 instructa
904 1819 1036 1874 dimicare
1061 1824 1103 1888 13,
1123 1826 1148 1874 9.
1185 1819 1323 1876 1611111616

179 1890 269 1944 aciem
290 1896 377 1958 30,1.
416 1906 450 1944 ex
468 1891 529 1945 6616
548 1892 686 1944 instructa
706 1933 711 1945 .
731 1934 738 1946 .
759 1933 765 1944 .
785 1891 911 1945 dextrum
931 1907 1016 1945 cornu
1036 1891 1200 1958 6116111139,
1219 1897 1244 1945 4.
1281 1893 1323 1946 16-

179 1963 287 2017 structa
305 1962 365 2017 6616
384 1967 427 2029 41,
443 1968 467 2015 9.
488 1968 531 2030 61,
547 1968 571 2018 6.
591 1968 672 2028 67,1.
707 1979 785 2016 suam
805 1962 895 2017 aciem
913 1961 1046 2016 instruxit
1064 1968 1147 2029 97,1.
1180 1963 1323 2033 porrigere

181 2038 263 2101 17,1.
298 2035 455 2088 sustentare
473 2039 516 2099 89,
531 2039 556 2087 3.
587 2033 623 2086 ad
642 2033 732 2087 aciem
751 2049 780 2087 16
800 2033 933 2102 colligere
953 2038 995 2100 70,
1010 2039 1035 2089 4.
1064 2037 1130 2088 ante
1149 2035 1237 2088 aciem
1257 2051 1322 2089 con-

180 2104 297 2158 stituere
315 2111 359 2173 13,
375 2111 399 2160 9.
433 2121 457 2160 a.
478 2105 567 2158 aciem
585 2103 723 2158 instruere
742 2111 785 2172 30,
800 2111 825 2159 9.
858 2107 919 2159 6161
936 2105 1015 2160 16661
1033 2104 1238 2174 perimpeditus
1258 2111 1323 2160 aute

180 2191 204 2230 6.
224 2180 270 2243 68,
284 2182 309 2229 6.
348 2177 443 2245 copias
462 2177 492 2229 in
510 2175 599 2230 aciem
618 2174 751 2230 instruxit
769 2182 811 2244 48,
827 2181 851 2231 6.
883 2177 1019 2231 exercitus
1038 2176 1067 2229 in
1086 2177 1175 2230 aciem
1193 2177 1325 2232 instructi

181 2252 265 2316 68,1.
289 2247 324 2314 cf.
339 2254 382 2315 39,
398 2253 423 2302 9.
442 2251 485 2315 49,
501 2253 525 2301 9.
548 2247 656 2317 [97,11.
694 2248 880 2318 (elephantos)
898 2247 928 2302 in
947 2248 1007 2302 acie
1026 2246 1224 2302 conlocauerat
1243 2254 1284 2316 70,
1300 2255 1325 2305 7.

181 2316 212 2370 16
231 2317 292 2372 acie
312 2317 438 2373 constitit
457 2322 539 2387 76,1.
560 2319 615 2388 [78,
632 2320 670 2390 61.
706 2317 833 2388 legiones
855 2319 885 2372 in
909 2336 933 2374 a.
954 2318 1101 2373 constituit
1126 2325 1169 2386 78,
1182 2325 1207 2374 9.
1227 2352 1258 2359 -
1281 2336 1324 2374 66-

179 2389 242 2458 pias
266 2407 322 2444 non
346 2389 484 2444 educebat
506 2389 536 2443 in
560 2389 649 2444 661616
673 2396 716 2456 31,
736 2396 760 2445 9.
798 2390 943 2459 elephanti
965 2389 995 2443 in
1018 2389 1108 2444 aciem
1132 2390 1325 2458 producuntur

180 2466 225 2528 97,
240 2467 265 2515 9.
295 2478 329 2515 ex
347 2461 407 2516 acie
425 2461 541 2516 recessit
560 2467 601 2528 19,
616 2467 641 2517 4.
675 2462 724 2529 qui
740 2479 892 2530 numquam
912 2463 941 2515 in
960 2460 1021 2514 acie
1040 2460 1223 2515 dimicassent
1241 2468 1284 2530 81,
1299 2470 1323 2517 9.
1358 2487 1359 2492 ¹

179 2531 210 2586 in
228 2531 289 2586 acie
307 2549 434 2602 pugnare
453 2537 536 2600 49,1.
573 2533 737 2587 1116166116
756 2535 816 2587 acie
835 2531 995 2602 depugnavi
1014 2537 1057 2597 46,
1072 2537 1097 2586 3.

271 2603 395 2659 acriter.
432 2603 529 2674 paucis
554 2620 578 2660 a.
597 2605 818 2674 repugnantibus
837 2609 880 2672 83,
900 2610 924 2658 4.
961 2603 1114 2658 fortissime
1133 2601 1323 2672 acerrimeque

178 2691 306 2744 pugnare
326 2681 369 2743 78,
383 2682 408 2729 4.

271 2746 437 2803 actuarius.
474 2746 660 2814 11611198,1.
698 2746 810 2816 scaphis
835 2746 1039 2817 [naviculisque
1064 2743 1210 2816 actuariis]
1230 2750 1277 2813 44,
1299 2752 1323 2802 1.

270 2817 319 2872 611.
348 2818 500 2887 Proprie.
529 2834 593 2873 cum
608 2818 709 2886 (navis)
724 2817 820 2872 delata
834 2821 908 2872 esset
922 2818 957 2871 ad
972 2815 1104 2885 Thapson
1118 2821 1160 2882 44,
1176 2821 1200 2871 1.
1222 2817 1324 2887 (navis)

180 2890 277 2944 delata
296 2889 333 2942 ad
346 2889 530 2958 Aegimurum
550 2895 593 2957 44,
608 2895 632 2944 9.
662 2889 699 2942 ad
718 2888 877 2958 Hipponem
897 2888 1162 2955 (161616616196,1.
1191 2889 1227 2942 ad
1242 2889 1325 2958 Acyl·

180 2960 403 3028 1616116333.
440 2963 501 3016 cide
524 2961 635 3016 accedo.
674 2961 793 3015 adcurro
817 2964 860 3027 86,
880 2967 904 3016 7.
941 2960 1061 3014 admitto
1085 2965 1129 3028 91,
1149 2965 1174 3013 3.
1211 2961 1324 3030 appello

179 3039 223 3099 69,
240 3035 265 3086 6.
292 3036 334 3101 80,
350 3037 374 3086 6.
412 3031 672 3102 6661661666693,
691 3038 715 3085 9.
751 3032 813 3087 cide
832 3030 952 3087 confero.
990 3031 1121 3100 coniugio
1141 3036 1184 3098 36,
1202 3038 1227 3086 4.
1264 3034 1326 3088 61616

146 3102 147 3106 ’
179 3104 296 3158 deduco.
341 3103 468 3174 legiones
493 3105 542 3175 [ad
566 3106 720 3158 extremum
744 3103 857 3173 agmen]
882 3102 1019 3159 evocabat
1043 3107 1085 3169 70,
1106 3107 1129 3155 1.
1171 3102 1325 3159 1161161116

178 3175 285 3229 intrare
309 3173 357 3245 [ad
381 3175 421 3245 se]
443 3215 449 3229 .
470 3217 475 3229 .
496 3217 503 3230 .
521 3177 636 3245 possent
659 3180 751 3242 79,1.
787 3174 828 3228 116
848 3180 895 3242 76,
911 3181 935 3231 9.
972 3175 1034 3229 eide
1057 3172 1139 3227 mitto
1163 3179 1188 3228 61
1205 3173 1324 3244 perfero.

179 3245 311 3315 perfugio
330 3249 373 3314 86,
388 3251 413 3300 4.
449 3247 511 3302 vide
528 3245 661 3316 pervenio
680 3253 704 3301 61
722 3244 893 3315 proficiscor.
931 3246 1063 3315 Aquilam
1083 3245 1120 3299 ad
1139 3244 1324 3300 Adrumetum

179 3317 338 3387 praemittit
357 3317 404 3388 (ad
423 3319 576 3386 61666611.)
597 3323 639 3387 69,,
654 3324 679 3372 9.
708 3335 737 3371 16
752 3319 787 3372 ad
803 3334 894 3386 genua
907 3316 1011 3386 proicit
1028 3322 1071 3385 89,
1087 3323 1111 3369 4.
1140 3318 1202 3371 cide
1220 3318 1324 3387 recipio

180 3395 206 3443 61
224 3389 317 3443 redeo.
352 3405 415 3442 cum
435 3431 442 3445 .
461 3431 468 3445 .
488 3431 495 3445 .
515 3406 670 3444 sermonem
690 3387 803 3442 nuntius
824 3389 872 3458 [ad
892 3390 934 3460 se]
954 3388 1172 3454 referretur.
1205 3388 1242 3442 ad
1261 3406 1325 3444 suos

151 3507 157 3514 .
178 3459 345 3529 refugerunt
363 3466 406 3528 61,
421 3465 444 3514 3.
481 3462 543 3516 vide
561 3461 650 3515 venio.
685 3479 747 3514 cum
766 3460 820 3515 iler
835 3503 841 3516 .
857 3502 863 3514 .
880 3503 886 3514 .
902 3463 937 3514 ad
957 3459 1103 3514 Caesarem
1120 3458 1284 3528 166616196,
1301 3467 1324 3516 1.

181 3563 214 3572 -
233 3532 413 3600 usquead:
435 3533 602 3601 (brachium)
622 3534 657 3588 ab
677 3532 791 3586 661666
812 3574 817 3585 .
835 3573 862 3584 ..
883 3550 908 3585 u.
929 3532 964 3585 ad
984 3547 1046 3585 eum
1066 3571 1116 3585 ...
1137 3529 1216 3584 iubet
1234 3530 1325 3600 derigi

180 3609 223 3670 38,
238 3609 264 3658 9.
292 3603 398 3657 vallum
418 3603 453 3657 ab
474 3603 577 3673 oppido
597 3623 623 3659 u.
643 3605 679 3657 ad
696 3619 773 3658 mare
788 3603 887 3656 ducere
903 3607 946 3671 90,
962 3606 985 3655 1,
1013 3601 1126 3656 16111616
1147 3602 1236 3655 aciem
1252 3645 1258 3656 .
1274 3645 1280 3657 .
1295 3621 1323 3660 u.

180 3676 216 3729 ad
236 3674 308 3728 aciei
327 3690 394 3728 suae
413 3675 536 3729 mediam
555 3674 697 3744 legionem
715 3675 877 3744 porrexerat
895 3679 941 3742 60,
957 3679 982 3726 3.
1019 3691 1045 3728 u.
1064 3674 1101 3726 ad
1120 3671 1220 3726 collem
1239 3672 1325 3728 hosti·

179 3747 232 3800 bus
253 3745 362 3800 adactis
382 3752 425 3813 78,
440 3750 464 3802 8.
497 3746 617 3817 (iubam)
636 3746 672 3800 ad
691 3746 825 3815 oppidum
845 3744 1036 3801 adcucurrisse
1056 3749 1098 3813 74,
1113 3749 1138 3798 9.
1166 3746 1198 3799 61
1216 3747 1325 3800 turmae

180 3816 218 3870 ad
246 3815 404 3886 proximum
430 3818 531 3872 collem
558 3823 735 3872 occurrerent
761 3823 808 3885 39,
828 3823 853 3872 9.
890 3817 951 3870 eide
973 3815 1064 3871 venio.
1093 3845 1126 3856 -
1154 3814 1259 3871 litteris
1287 3817 1324 3870 ad

180 3885 314 3942 Alienum
332 3886 498 3957 conscriptis
517 3895 564 3957 96,
579 3894 604 3945 3.
642 3889 726 3959 (6616)
746 3887 891 3960 elephanti
909 3885 1054 3956 perterriti
1072 3904 1101 3941 se
1121 3887 1158 3940 ad
1177 3904 1241 3943 suos
1261 3905 1324 3942 cou-

180 3960 333 4015 vertissent
355 3964 443 4026 97,1.
484 3961 580 4016 oculos
608 3963 786 4028 mentemque
809 3959 845 4012 ad
871 3975 946 4014 mare
974 3956 1117 4028 depositos
1140 3957 1324 4027 detectosque

180 4037 223 4099 96,
239 4035 265 4085 4.
297 4030 400 4086 11116111
419 4032 456 4085 ad
475 4047 539 4086 suos
559 4030 633 4086 cives
652 4031 725 4086 datis
744 4037 787 4099 39,
802 4035 827 4084 4.
860 4030 897 4084 ad
916 4030 1044 4084 senatum
1063 4029 1156 4097 questi
1175 4037 1218 4100 97,
1233 4037 1258 4084 3.
1289 4031 1325 4083 ad

179 4103 244 4172 ipsa
262 4119 366 4156 cornua
384 4101 476 4171 quinis
501 4102 662 4158 cohortibus
687 4102 841 4157 conlocatis
865 4106 948 4168 81,1.
986 4102 1113 4156 1161111161
1132 4105 1175 4170 68,
1190 4107 1215 4156 4.
1239 4106 1281 4168 69,
1299 4107 1324 4155 6.

180 4179 265 4243 68,1.
303 4173 343 4228 ad
363 4204 396 4213 —
416 4191 546 4242 versus,
564 4176 743 4229 6166161161.
763 4205 796 4213 —-
816 4174 886 4227 haec
900 4173 936 4226 ad
955 4171 1110 4240 Ruspinam
1128 4171 1325 4227 administran-

179 4247 227 4300 tur
246 4250 288 4315 98,
304 4252 328 4299 1.
348 4250 430 4314 63,1.
468 4247 538 4300 11666
557 4247 594 4299 ad
612 4244 767 4314 Ruspinam
781 4245 852 4298 fiunt
872 4250 953 4310 33,1.
990 4245 1062 4297 11666
1080 4243 1116 4298 ad
1135 4243 1168 4298 R.
1187 4244 1325 4314 geruntur

180 4321 264 4384 86,1.
308 4315 406 4370 6161111
429 4319 509 4386 parte
534 4317 570 4372 ad
593 4318 738 4386 Thapsum
760 4316 860 4370 relicta
883 4319 925 4382 80,
946 4321 970 4368 6.
996 4319 1038 4381 86,
1059 4319 1083 4368 3.
1121 4315 1158 4367 ad
1182 4315 1272 4371 aciem
1295 4331 1324 4369 se

179 4387 354 4457 colligebant
382 4393 428 4457 70,
448 4395 472 4443 4.
509 4405 565 4442 una
591 4390 673 4443 nocte
702 4388 739 4444 ad
765 4385 900 4456 oppidum
928 4387 1094 4454 consumpta
1122 4391 1195 4455 6,1.
1231 4387 1265 4440 61
1288 4385 1323 4442 ad

179 4461 316 4528 angulum
331 4459 428 4528 oppidi
447 4461 628 4515 convenirent
641 4459 779 4529 (brachia)
799 4463 840 4524 61,
856 4463 880 4510 9.
910 4457 1058 4511 decurione
1078 4457 1114 4510 ad
1133 4474 1213 4512 ecum
1231 4457 1323 4512 adfixo

233 4557 326 4598 Bellum
339 4557 451 4600 Africum.
1079 4551 1110 4600 ll
