3292 5132
295 406 332 460 VI
759 403 974 459 PRAEFATIO.

297 569 483 654 angustias,
506 568 716 655 recensenda,
739 571 771 632 et
791 568 898 652 quoad
916 568 986 632 fieri
1005 568 1114 652 potuit
1133 567 1319 633 coniectura
1338 591 1443 634 emen-

297 658 403 724 danda
426 661 529 723 erant.
566 656 715 722 Fecimus
739 680 798 742 pro
816 661 909 742 parte
928 657 1029 740 virili,
1053 657 1138 741 quod
1158 657 1246 722 intra
1265 653 1442 742 paucorum

297 749 458 813 mensium
480 746 621 832 spatium
643 746 715 811 aliis
736 768 863 830 quoque
882 746 1014 810 distenti
1032 746 1175 832 negotiis
1194 768 1254 830 pro
1274 769 1443 813 munerum

296 837 466 901 vacatione
490 839 658 920 praestare
681 837 861 919 potuimus,
886 836 991 899 multa
1010 841 1117 900 autern
1140 839 1265 900 restare
1289 840 1345 900 aut
1369 837 1442 901 aliis

297 926 496 1011 expedienda
521 928 578 989 aut
596 924 691 990 nobis
716 925 864 988 secundis
883 924 1096 1008 perpolienda
1115 925 1199 988 euris
1219 926 1324 1009 quivis
1348 925 1443 990 facile

297 1016 481 1100 intelleget,
506 1015 563 1079 sed
587 1013 614 1078 si
639 1036 703 1098 qua
725 1012 869 1077 inveniet
893 1014 1001 1078 minus
1025 1016 1112 1078 recte
1136 1013 1379 1098 administrata,
1403 1037 1441 1080 ea

296 1126 459 1190 perpensa
483 1103 531 1168 rei
554 1102 747 1168 difficultate
771 1106 997 1166 excusaturum
1022 1124 1092 1167 csse
1116 1124 1291 1186 speramus.

388 1193 435 1258 Ac
458 1215 578 1258 novum
602 1191 731 1275 quidem
755 1191 872 1256 editori
901 1191 1057 1256 auxilium
1081 1196 1232 1274 paratum
1256 1194 1306 1256 cst
1330 1214 1368 1257 ex
1392 1215 1442 1257 co·

297 1283 365 1347 dice
388 1304 473 1347 nuno
491 1280 727 1346 Florentino
747 1281 813 1345 sive
832 1280 1049 1346 Laurentiano
1074 1277 1124 1367 (O.
1144 1280 1178 1344 L.
1197 1279 1254 1346 Nr.
1274 1281 1341 1367 33),
1365 1282 1442 1346 olim

300 1370 591 1436 Ashburnhami
629 1369 701 1453 (A),
734 1370 893 1452 omnium,
932 1374 1092 1453 quotquot
1124 1374 1312 1453 supersunt,
1345 1371 1443 1456 longe

297 1461 540 1544 antiquissimo,
569 1482 587 1522 a
614 1459 711 1524 nobis
739 1458 922 1523 Florentiae
952 1459 1071 1523 collato
1100 1479 1210 1522 mense
1239 1459 1335 1524 huius
1366 1460 1443 1524 anni

296 1549 418 1614 Martio
444 1554 477 1613 11
501 1549 566 1612 iam
590 1547 686 1612 aTh.
708 1547 873 1632 Stangelio
894 1546 1075 1612 accuratius
1095 1547 1255 1630 descripto
1274 1548 1308 1611 in
1327 1547 1443 1614 Philol.

298 1639 360 1703 vol.
381 1637 480 1722 XLV,
499 1658 572 1721 pag.
594 1638 658 1702 213
670 1659 758 1722 seqq.
796 1635 844 1700 De
864 1641 984 1721 aetate,
1003 1658 1067 1720 qna
1086 1637 1226 1719 scriptus
1246 1659 1314 1701 esse
1335 1638 1445 1701 existi-

298 1727 434 1791 mandus
464 1727 519 1809 sit,
553 1726 671 1789 mirum
701 1748 778 1791 sane
809 1726 979 1791 admodum
1012 1725 1181 1790 dissentire
1210 1726 1298 1791 viros
1328 1726 1444 1791 harum

297 1839 405 1879 rerum
432 1815 663 1899 peritissimos,
688 1838 759 1879 cum
784 1815 868 1878 enim
888 1814 1060 1899 Philippus
1079 1813 1203 1879 Delisle
1223 1837 1295 1879 eum
1316 1817 1443 1881 saeculo

300 1905 472 1969 undecimo
497 1903 727 1987 assignaverit,
754 1904 972 1969 bibliothecae
1000 1903 1238 1968 Laurentianae
1262 1905 1444 1989 praefectus

299 1994 515 2076 clarissimus,
538 1991 609 2057 Nic.
634 1992 786 2075 Anniani,
810 2015 882 2057 eum
902 1998 959 2057 aut
982 1993 1105 2058 decimo
1130 1997 1187 2058 aut
1211 1992 1289 2058 adeo
1314 1995 1443 2060 saeculo

298 2105 385 2148 nono
410 2081 540 2146 exeunti
559 2082 658 2146 tribui
677 2103 773 2164 posse
792 2082 999 2148 existimavit.
1036 2081 1205 2165 Equidem,
1228 2105 1299 2147 cum
1319 2083 1444 2148 littera-

299 2195 369 2236 rum
395 2171 517 2236 forinas
542 2193 614 2235 cum
639 2172 767 2235 saeculo
792 2171 960 2250 undecimo
985 2171 1169 2236 discordare
1193 2170 1351 2258 viderem,
1374 2195 1443 2257 spe-

299 2261 402 2327 cimen
423 2260 602 2346 scripturae
622 2260 799 2346 legentium
820 2260 921 2325 oculis
941 2259 1164 2324 subiciendum
1184 2261 1306 2342 curavi,
1330 2266 1367 2325 ut
1385 2285 1443 2327 suo

298 2353 469 2414 uterentur
483 2348 615 2414 iudicio:
631 2371 827 2433 quamquam
842 2371 907 2412 non
922 2348 1245 2431 praetermittendum
1262 2351 1443 2435 complures

297 2439 330 2503 in
360 2438 468 2505 codice
498 2437 707 2503 describendo
737 2437 799 2501 sibi
828 2439 1019 2503 successisse
1048 2438 1184 2520 scribas,
1214 2460 1350 2524 quorum
1379 2462 1443 2524 quo

298 2529 434 2614 quisque
459 2527 520 2592 fuit
545 2530 652 2607 aetate
677 2529 794 2612 maior,
826 2549 863 2591 eo
891 2527 1085 2591 vetustiores
1113 2527 1297 2592 litterarum
1320 2529 1442 2594 formas

296 2619 473 2702 expressit,
501 2616 597 2681 sicuti
621 2615 692 2695 ille,
720 2616 810 2681 cuius
839 2638 969 2680 manum
998 2617 1111 2681 tabula
1139 2616 1264 2681 adiecta
1287 2618 1443 2682 imitatur.

296 2706 442 2772 Litterae
471 2729 489 2770 1
514 2710 625 2769 tamen
652 2709 801 2789 apertae,
830 2727 911 2790 quae
941 2705 1068 2789 dicitur,
1097 2705 1224 2770 nullum
1253 2728 1310 2790 per
1336 2711 1443 2771 totum

297 2795 567 2860 commentarium
596 2794 704 2858 inveni
734 2793 916 2877 vestigium.
967 2793 1059 2859 Folio
1092 2795 1155 2860 134
1184 2817 1279 2859 verso
1309 2795 1443 2882 legitur:

296 2885 372 2949 Iulii
405 2883 491 2948 Oelsi
522 2881 649 2946 0111111
681 2881 888 2959 Constantini
916 2882 975 2952 lib.
1003 2881 1088 2950 XII'.
1137 2881 1258 2966 Incipit
1288 2885 1326 2948 de
1356 2885 1441 2950 bello

297 2973 435 3058 illirico,
474 2975 506 3035 et
538 2972 618 3036 folio
654 2971 717 3036 153
753 2974 855 3036 recto:
893 2969 1013 3056 Incipit
1041 2972 1125 3038 liber
1157 2971 1250 3037 XIII'
1284 2974 1322 3037 de
1355 2975 1441 3039 bello

295 3061 497 3146 Hyspanico.
544 3060 678 3136 Quando
703 3060 819 3125 vixerit
846 3060 902 3124 ille
927 3062 1172 3148 grammaticus,
1201 3063 1256 3147 qui
1280 3085 1441 3128 commen·

295 3152 397 3215 tarios
418 3151 593 3232 recensuit,
617 3150 721 3215 adhuc
745 3151 929 3236 ignoratur,
953 3151 1148 3216 monendum
1167 3157 1276 3216 tamen
1300 3152 1441 3216 eiusdem

295 3262 414 3304 nomen
443 3239 542 3304 etiam
570 3240 604 3304 in
633 3239 925 3323 subscriptionibus
954 3240 1175 3305 librorumde
1203 3240 1289 3305 bello
1315 3240 1440 3306 Gallico

295 3329 376 3414 legi,
412 3329 501 3393 velut
534 3328 566 3392 in
599 3329 662 3392 fine
695 3329 921 3393 commentarii
953 3329 1065 3412 primi:
1097 3327 1244 3394 IULIUS
1279 3327 1441 3396 OELSUS

296 3415 636 3483 CONSTANTINUS
661 3411 708 3482 U‘
728 3417 753 3483 Ο
777 3417 824 3503 (id
849 3422 911 3482 est:
939 3419 990 3482 vir
1013 3415 1136 3504 clarus)
1158 3416 1271 3483 LEGI.
1312 3419 1362 3483 Ex
1386 3442 1441 3483 nu-

297 3507 395 3571 meris
412 3511 530 3585 autem,
551 3507 667 3589 quibus
683 3507 804 3590 singuli
820 3507 1044 3571 commentarii
1059 3507 1209 3592 insigniti
1224 3511 1309 3590 sunt,
1328 3530 1441 3573 omnes

294 3600 363 3660 tam
388 3595 507 3660 Gallici
537 3601 569 3658 et
596 3596 701 3660 civilis
730 3619 828 3680 quam
855 3596 1055 3680 reliquorum
1081 3597 1244 3662 bellorum
1272 3597 1313 3661 ad
1341 3620 1440 3661 unum

294 3684 444 3768 idemque
474 3705 555 3769 opus
584 3685 745 3769 pertinere
773 3685 981 3769 perspicitur,
1009 3685 1094 3770 quod
1122 3686 1157 3750 in
1185 3685 1340 3750 tredecim
1369 3685 1441 3771 (per

295 3795 435 3837 errorem
444 3771 476 3859 1)
500 3772 601 3838 libros
621 3773 759 3838 divisum
775 3776 859 3857 erat,
879 3795 952 3838 oum
971 3774 1058 3838 bello
1073 3775 1162 3840 civili
1181 3775 1243 3840 duo
1263 3775 1441 3840 tribueren-

293 3865 348 3925 tur
375 3883 434 3946 pro
464 3862 579 3926 tribus.
626 3861 738 3947 Neque
766 3868 877 3927 tamen
905 3863 997 3928 abest
1026 3864 1168 3949 suspicio
1192 3867 1297 3928 totum
1324 3886 1440 3949 corpus

296 3951 420 4016 duabus
448 3950 706 4015 hebdomadibus
736 3952 937 4036 constitisse,
964 3952 996 4015 id
1020 3958 1070 4018 est
1094 3960 1218 4038 septem
1243 3953 1336 4019 libris
1361 3953 1441 4018 belli

296 4039 417 4105 Gallici
441 4063 461 4104 a
484 4039 621 4106 Caesare
645 4041 851 4127 conscriptis,
875 4063 939 4105 uno
963 4040 1077 4125 Hirtii,
1102 4042 1158 4126 qui
1177 4045 1227 4105 est
1247 4045 1381 4107 octavus
1401 4044 1439 4108 de

295 4128 383 4192 bello
408 4128 547 4213 Gallico,
570 4129 675 4193 tribus
700 4129 777 4194 belli
802 4130 920 4212 civilis,
949 4130 1088 4216 singulis
1116 4130 1253 4213 denique
1277 4152 1440 4196 commen-

296 4218 388 4282 tariis
413 4219 505 4301 belli,
529 4219 614 4301 quod
638 4219 736 4306 vulgo
762 4219 894 4303 dieitur,
919 4219 1145 4304 Alexandrini,
1173 4218 1292 4301 Africi,
1321 4219 1439 4304 Hispa-

296 4306 428 4371 niensis.
453 4345 495 4354 —
525 4308 615 4372 Folio
639 4309 744 4393 primo
773 4313 860 4374 recto
885 4311 1041 4393 scriptum
1066 4311 1115 4372 est
1138 4330 1222 4373 man.
1246 4311 1323 4373 rea:
1352 4309 1441 4374 0.(11

296 4395 552 4474 Brescbe1614;
575 4399 672 4481 paulo
696 4397 781 4462 infra
805 4397 870 4462 alia
894 4419 1004 4462 manu:
1027 4399 1105 4462 Emi
1128 4398 1279 4463 Actaaad.
1306 4404 1399 4463 1666.

383 4482 459 4569 Sed,
494 4489 565 4549 utut
598 4491 661 4568 est,
700 4487 798 4551 codex
834 4486 1153 4551 Ashburnhamensis
1185 4486 1327 4570 reliquos
1360 4487 1439 4551 belli
