<?xml version="1.0" encoding="UTF-8"?>
<!DOCTYPE html PUBLIC "-//W3C//DTD XHTML 1.0 Transitional//EN"
    "http://www.w3.org/TR/xhtml1/DTD/xhtml1-transitional.dtd">
<html xmlns="http://www.w3.org/1999/xhtml" xml:lang="en" lang="en">
 <head>
  <title>
</title>
<meta http-equiv="Content-Type" content="text/html;charset=utf-8" />
  <meta name='ocr-system' content='tesseract 3.04.00' />
  <meta name='ocr-capabilities' content='ocr_page ocr_carea ocr_par ocr_line ocrx_word'/>
</head>
<body>
  <div class='ocr_page' id='page_1' title='image "./casinipolionisd00miodgoog_0196.png"; bbox 0 0 3312 5130; ppageno 0'>
   <div class='ocr_carea' id='block_1_1' title="bbox 667 429 1323 496">
    <p class='ocr_par' dir='ltr' id='par_1_1' title="bbox 667 429 1323 496">
     <span class='ocr_line' id='line_1_1' title="bbox 667 429 1323 496; baseline 0 -12"><span class='ocrx_word' id='word_1_1' title='bbox 667 429 861 488; x_wconf 79' lang='lat' dir='ltr'>APPIINDIX.</span> <span class='ocrx_word' id='word_1_2' title='bbox 1260 432 1323 496; x_wconf 88' lang='lat'>149</span> 
     </span>
    </p>
   </div>
   <div class='ocr_carea' id='block_1_2' title="bbox 177 594 1325 1036">
    <p class='ocr_par' dir='ltr' id='par_1_2' title="bbox 177 594 1325 1036">
     <span class='ocr_line' id='line_1_2' title="bbox 179 594 1325 681; baseline -0.001 -20"><span class='ocrx_word' id='word_1_3' title='bbox 179 599 284 661; x_wconf 79' lang='grc'><strong>111111</strong></span> <span class='ocrx_word' id='word_1_4' title='bbox 304 597 395 660; x_wconf 67' lang='lat' dir='ltr'>tenta</span> <span class='ocrx_word' id='word_1_5' title='bbox 415 595 453 659; x_wconf 92' lang='lat' dir='ltr'>de</span> <span class='ocrx_word' id='word_1_6' title='bbox 473 596 677 659; x_wconf 86' lang='lat' dir='ltr'>reconnaitre</span> <span class='ocrx_word' id='word_1_7' title='bbox 697 616 736 659; x_wconf 93' lang='lat' dir='ltr'>en</span> <span class='ocrx_word' id='word_1_8' title='bbox 755 595 802 660; x_wconf 91' lang='lat' dir='ltr'>lui</span> <span class='ocrx_word' id='word_1_9' title='bbox 821 617 865 659; x_wconf 91' lang='lat' dir='ltr'>un</span> <span class='ocrx_word' id='word_1_10' title='bbox 884 595 939 659; x_wconf 92' lang='lat' dir='ltr'>des</span> <span class='ocrx_word' id='word_1_11' title='bbox 959 595 1143 680; x_wconf 75' lang='lat' dir='ltr'>ingenieurs</span> <span class='ocrx_word' id='word_1_12' title='bbox 1163 596 1201 660; x_wconf 91' lang='lat' dir='ltr'>de</span> <span class='ocrx_word' id='word_1_13' title='bbox 1217 594 1325 681; x_wconf 75' lang='lat' dir='ltr'>Cesar,</span> 
     </span>
     <span class='ocr_line' id='line_1_3' title="bbox 178 683 1323 770; baseline -0.001 -21"><span class='ocrx_word' id='word_1_14' title='bbox 178 685 288 770; x_wconf 89' lang='lat' dir='ltr'>quand</span> <span class='ocrx_word' id='word_1_15' title='bbox 310 707 352 750; x_wconf 94' lang='lat' dir='ltr'>on</span> <span class='ocrx_word' id='word_1_16' title='bbox 374 705 541 768; x_wconf 89' lang='lat' dir='ltr'>remarque</span> <span class='ocrx_word' id='word_1_17' title='bbox 560 685 591 748; x_wconf 92' lang='lat' dir='ltr'>le</span> <span class='ocrx_word' id='word_1_18' title='bbox 611 683 684 748; x_wconf 92' lang='lat' dir='ltr'>soin</span> <span class='ocrx_word' id='word_1_19' title='bbox 702 705 778 749; x_wconf 86' lang='lat' dir='ltr'>avec</span> <span class='ocrx_word' id='word_1_20' title='bbox 797 684 827 747; x_wconf 91' lang='lat' dir='ltr'>le</span> <span class='ocrx_word' id='word_1_21' title='bbox 847 684 922 768; x_wconf 89' lang='lat' dir='ltr'>quel</span> <span class='ocrx_word' id='word_1_22' title='bbox 945 685 969 748; x_wconf 94' lang='lat' dir='ltr'>il</span> <span class='ocrx_word' id='word_1_23' title='bbox 988 687 1065 749; x_wconf 86' lang='lat' dir='ltr'>note</span> <span class='ocrx_word' id='word_1_24' title='bbox 1084 684 1132 748; x_wconf 92' lang='lat' dir='ltr'>les</span> <span class='ocrx_word' id='word_1_25' title='bbox 1151 685 1323 769; x_wconf 86' lang='lat' dir='ltr'>distanoes,</span> 
     </span>
     <span class='ocr_line' id='line_1_4' title="bbox 177 772 1323 858; baseline 0.001 -21"><span class='ocrx_word' id='word_1_26' title='bbox 177 776 226 839; x_wconf 91' lang='lat' dir='ltr'>les</span> <span class='ocrx_word' id='word_1_27' title='bbox 251 776 473 858; x_wconf 90' lang='lat' dir='ltr'>campements</span> <span class='ocrx_word' id='word_1_28' title='bbox 497 772 685 855; x_wconf 79' lang='lat' dir='ltr'>successise,</span> <span class='ocrx_word' id='word_1_29' title='bbox 713 773 760 836; x_wconf 89' lang='lat' dir='ltr'>les</span> <span class='ocrx_word' id='word_1_30' title='bbox 790 776 926 837; x_wconf 83' lang='lat' dir='ltr'>travaux</span> <span class='ocrx_word' id='word_1_31' title='bbox 956 773 994 836; x_wconf 92' lang='lat' dir='ltr'>de</span> <span class='ocrx_word' id='word_1_32' title='bbox 1021 773 1152 838; x_wconf 87' lang='lat' dir='ltr'>de&#39;fense</span> <span class='ocrx_word' id='word_1_33' title='bbox 1182 776 1215 838; x_wconf 89' lang='lat' dir='ltr'>et</span> <span class='ocrx_word' id='word_1_34' title='bbox 1238 774 1323 856; x_wconf 88' lang='lat' dir='ltr'>d’ap-</span> 
     </span>
     <span class='ocr_line' id='line_1_5' title="bbox 178 860 1323 948; baseline -0.002 -20"><span class='ocrx_word' id='word_1_35' title='bbox 178 863 316 948; x_wconf 86' lang='lat' dir='ltr'>proebe,</span> <span class='ocrx_word' id='word_1_36' title='bbox 340 861 543 927; x_wconf 86' lang='lat' dir='ltr'>l&#39;armement</span> <span class='ocrx_word' id='word_1_37' title='bbox 567 861 621 925; x_wconf 91' lang='lat' dir='ltr'>des</span> <span class='ocrx_word' id='word_1_38' title='bbox 640 862 758 944; x_wconf 89' lang='lat' dir='ltr'>places.</span> <span class='ocrx_word' id='word_1_39' title='bbox 796 860 922 926; x_wconf 83' lang='lat' dir='ltr'>Artiste</span> <span class='ocrx_word' id='word_1_40' title='bbox 946 865 1063 926; x_wconf 88' lang='lat' dir='ltr'>autaut</span> <span class='ocrx_word' id='word_1_41' title='bbox 1082 862 1264 945; x_wconf 90' lang='lat' dir='ltr'>qu&#39;homme</span> <span class='ocrx_word' id='word_1_42' title='bbox 1284 864 1323 926; x_wconf 93' lang='lat' dir='ltr'>de</span> 
     </span>
     <span class='ocr_line' id='line_1_6' title="bbox 179 950 1322 1036; baseline -0.002 -20"><span class='ocrx_word' id='word_1_43' title='bbox 179 973 313 1036; x_wconf 84' lang='lat' dir='ltr'>guerre,</span> <span class='ocrx_word' id='word_1_44' title='bbox 343 951 367 1014; x_wconf 92' lang='lat' dir='ltr'>il</span> <span class='ocrx_word' id='word_1_45' title='bbox 392 973 424 1035; x_wconf 91' lang='lat' dir='ltr'>a,</span> <span class='ocrx_word' id='word_1_46' title='bbox 449 974 490 1015; x_wconf 88' lang='lat' dir='ltr'>au</span> <span class='ocrx_word' id='word_1_47' title='bbox 514 951 587 1034; x_wconf 90' lang='lat' dir='ltr'>plus</span> <span class='ocrx_word' id='word_1_48' title='bbox 610 950 692 1014; x_wconf 89' lang='lat' dir='ltr'>haut</span> <span class='ocrx_word' id='word_1_49' title='bbox 716 950 827 1036; x_wconf 78' lang='lat' dir='ltr'>degre,</span> <span class='ocrx_word' id='word_1_50' title='bbox 856 951 886 1014; x_wconf 92' lang='lat' dir='ltr'>le</span> <span class='ocrx_word' id='word_1_51' title='bbox 911 950 1088 1015; x_wconf 70' lang='lat' dir='ltr'><strong>sentiment</strong></span> <span class='ocrx_word' id='word_1_52' title='bbox 1116 950 1158 1014; x_wconf 92' lang='lat' dir='ltr'>du</span> <span class='ocrx_word' id='word_1_53' title='bbox 1186 951 1322 1015; x_wconf 86' lang='lat' dir='ltr'>terrain:</span> 
     </span>
    </p>
   </div>
   <div class='ocr_carea' id='block_1_3' title="bbox 98 1039 1432 1123">
    <p class='ocr_par' dir='ltr' id='par_1_3' title="bbox 98 1039 1432 1123">
     <span class='ocr_line' id='line_1_7' title="bbox 98 1039 1432 1123; baseline 0.003 -23"><span class='ocrx_word' id='word_1_54' title='bbox 98 1095 101 1100; x_wconf 92' lang='lat'>.</span> <span class='ocrx_word' id='word_1_55' title='bbox 177 1042 203 1104; x_wconf 92' lang='lat' dir='ltr'>il</span> <span class='ocrx_word' id='word_1_56' title='bbox 227 1041 416 1105; x_wconf 88' lang='lat' dir='ltr'>l&#39;embrasse</span> <span class='ocrx_word' id='word_1_57' title='bbox 440 1041 514 1104; x_wconf 90' lang='lat' dir='ltr'>d&#39;un</span> <span class='ocrx_word' id='word_1_58' title='bbox 538 1061 621 1123; x_wconf 92' lang='lat' dir='ltr'>coup</span> <span class='ocrx_word' id='word_1_59' title='bbox 646 1040 753 1120; x_wconf 88' lang='lat' dir='ltr'>d&#39;oeil,</span> <span class='ocrx_word' id='word_1_60' title='bbox 782 1061 856 1103; x_wconf 87' lang='lat' dir='ltr'>sans</span> <span class='ocrx_word' id='word_1_61' title='bbox 881 1061 920 1103; x_wconf 93' lang='lat' dir='ltr'>en</span> <span class='ocrx_word' id='word_1_62' title='bbox 944 1040 1059 1122; x_wconf 89' lang='lat' dir='ltr'>perdre</span> <span class='ocrx_word' id='word_1_63' title='bbox 1083 1061 1125 1104; x_wconf 90' lang='lat' dir='ltr'>un</span> <span class='ocrx_word' id='word_1_64' title='bbox 1149 1039 1262 1123; x_wconf 73' lang='lat' dir='ltr'>detail,</span> <span class='ocrx_word' id='word_1_65' title='bbox 1290 1045 1323 1104; x_wconf 89' lang='lat' dir='ltr'>et</span> <span class='ocrx_word' id='word_1_66' title='bbox 1425 1086 1432 1104; x_wconf 88' lang='lat'>.</span> 
     </span>
    </p>
   </div>
   <div class='ocr_carea' id='block_1_4' title="bbox 177 1126 1322 1480">
    <p class='ocr_par' dir='ltr' id='par_1_4' title="bbox 177 1126 1322 1480">
     <span class='ocr_line' id='line_1_8' title="bbox 177 1126 1322 1213; baseline -0.001 -19"><span class='ocrx_word' id='word_1_67' title='bbox 177 1131 209 1194; x_wconf 90' lang='lat' dir='ltr'>le</span> <span class='ocrx_word' id='word_1_68' title='bbox 232 1130 325 1213; x_wconf 82' lang='lat' dir='ltr'>peInt</span> <span class='ocrx_word' id='word_1_69' title='bbox 349 1150 426 1194; x_wconf 84' lang='lat' dir='ltr'>aveo</span> <span class='ocrx_word' id='word_1_70' title='bbox 450 1150 511 1193; x_wconf 89' lang='lat' dir='ltr'>une</span> <span class='ocrx_word' id='word_1_71' title='bbox 536 1150 607 1192; x_wconf 88' lang='lat' dir='ltr'>rare</span> <span class='ocrx_word' id='word_1_72' title='bbox 630 1126 821 1213; x_wconf 75' lang='lat' dir='ltr'>precision.“</span> <span class='ocrx_word' id='word_1_73' title='bbox 848 1165 890 1174; x_wconf 93' lang='lat'>—</span> <span class='ocrx_word' id='word_1_74' title='bbox 920 1127 1173 1212; x_wconf 87' lang='lat' dir='ltr'>Inscriptionum</span> <span class='ocrx_word' id='word_1_75' title='bbox 1198 1128 1322 1193; x_wconf 83' lang='lat' dir='ltr'>Africa-</span> 
     </span>
     <span class='ocr_line' id='line_1_9' title="bbox 177 1215 1322 1283; baseline 0 -1"><span class='ocrx_word' id='word_1_76' title='bbox 177 1240 293 1283; x_wconf 88' lang='lat' dir='ltr'>narum</span> <span class='ocrx_word' id='word_1_77' title='bbox 319 1217 494 1282; x_wconf 78' lang='lat' dir='ltr'>editionem</span> <span class='ocrx_word' id='word_1_78' title='bbox 518 1217 671 1281; x_wconf 83' lang='lat' dir='ltr'>debemus</span> <span class='ocrx_word' id='word_1_79' title='bbox 691 1215 836 1281; x_wconf 84' lang='lat' dir='ltr'>Gustavo</span> <span class='ocrx_word' id='word_1_80' title='bbox 861 1216 1076 1281; x_wconf 90' lang='lat' dir='ltr'>Wilmanns</span> <span class='ocrx_word' id='word_1_81' title='bbox 1100 1221 1133 1281; x_wconf 94' lang='lat' dir='ltr'>et</span> <span class='ocrx_word' id='word_1_82' title='bbox 1151 1216 1322 1282; x_wconf 83' lang='lat' dir='ltr'>Theodoro</span> 
     </span>
     <span class='ocr_line' id='line_1_10' title="bbox 177 1303 1322 1392; baseline 0.001 -22"><span class='ocrx_word' id='word_1_83' title='bbox 177 1307 390 1371; x_wconf 84' lang='lat' dir='ltr'>Mommsen</span> <span class='ocrx_word' id='word_1_84' title='bbox 421 1303 531 1391; x_wconf 90' lang='lat' dir='ltr'>(Corp.</span> <span class='ocrx_word' id='word_1_85' title='bbox 560 1306 655 1371; x_wconf 85' lang='lat' dir='ltr'>inser.</span> <span class='ocrx_word' id='word_1_86' title='bbox 685 1305 740 1370; x_wconf 88' lang='lat' dir='ltr'>lat.</span> <span class='ocrx_word' id='word_1_87' title='bbox 770 1306 834 1370; x_wconf 85' lang='lat' dir='ltr'>vol.</span> <span class='ocrx_word' id='word_1_88' title='bbox 862 1303 951 1370; x_wconf 88' lang='lat' dir='ltr'>VIII.</span> <span class='ocrx_word' id='word_1_89' title='bbox 986 1305 1092 1370; x_wconf 92' lang='lat' dir='ltr'>Berol.</span> <span class='ocrx_word' id='word_1_90' title='bbox 1122 1303 1238 1392; x_wconf 83' lang='lat'>1881),</span> <span class='ocrx_word' id='word_1_91' title='bbox 1271 1307 1322 1371; x_wconf 91' lang='lat' dir='ltr'>oui</span> 
     </span>
     <span class='ocr_line' id='line_1_11' title="bbox 178 1392 1321 1480; baseline -0.001 -21"><span class='ocrx_word' id='word_1_92' title='bbox 178 1396 407 1480; x_wconf 88' lang='lat' dir='ltr'>supplementa</span> <span class='ocrx_word' id='word_1_93' title='bbox 435 1395 559 1459; x_wconf 88' lang='lat' dir='ltr'>addidit</span> <span class='ocrx_word' id='word_1_94' title='bbox 585 1393 746 1460; x_wconf 89' lang='lat' dir='ltr'>Iohannes</span> <span class='ocrx_word' id='word_1_95' title='bbox 776 1392 951 1459; x_wconf 80' lang='lat' dir='ltr'>Schmidt</span> <span class='ocrx_word' id='word_1_96' title='bbox 977 1394 1011 1458; x_wconf 93' lang='lat' dir='ltr'>in</span> <span class='ocrx_word' id='word_1_97' title='bbox 1034 1394 1170 1478; x_wconf 83' lang='lat' dir='ltr'>Ephem.</span> <span class='ocrx_word' id='word_1_98' title='bbox 1195 1395 1321 1480; x_wconf 89' lang='lat' dir='ltr'>epigra-</span> 
     </span>
    </p>
   </div>
   <div class='ocr_carea' id='block_1_5' title="bbox 175 1482 928 1569">
    <p class='ocr_par' dir='ltr' id='par_1_5' title="bbox 175 1482 928 1569">
     <span class='ocr_line' id='line_1_12' title="bbox 175 1482 928 1569; baseline -0.001 -21"><span class='ocrx_word' id='word_1_99' title='bbox 175 1482 433 1569; x_wconf 57' lang='grc'><strong>1111111.</strong></span> <span class='ocrx_word' id='word_1_100' title='bbox 457 1505 508 1568; x_wconf 76' lang='lat' dir='ltr'>pg.</span> <span class='ocrx_word' id='word_1_101' title='bbox 532 1483 718 1549; x_wconf 78' lang='lat' dir='ltr'>ass-soa.</span> <span class='ocrx_word' id='word_1_102' title='bbox 742 1482 928 1549; x_wconf 77' lang='lat' dir='ltr'>oro-651.</span> 
     </span>
    </p>
   </div>
   <div class='ocr_carea' id='block_1_6' title="bbox 171 1659 1322 2548">
    <p class='ocr_par' dir='ltr' id='par_1_6' title="bbox 171 1659 1322 2548">
     <span class='ocr_line' id='line_1_13' title="bbox 269 1659 1322 1744; baseline -0.001 -19"><span class='ocrx_word' id='word_1_103' title='bbox 269 1660 436 1737; x_wconf 83' lang='lat' dir='ltr'>Quomodo</span> <span class='ocrx_word' id='word_1_104' title='bbox 465 1663 614 1725; x_wconf 85' lang='lat' dir='ltr'>exortum</span> <span class='ocrx_word' id='word_1_105' title='bbox 643 1664 730 1724; x_wconf 90' lang='lat' dir='ltr'>esset</span> <span class='ocrx_word' id='word_1_106' title='bbox 763 1661 886 1724; x_wconf 90' lang='lat' dir='ltr'>bellum</span> <span class='ocrx_word' id='word_1_107' title='bbox 918 1659 1063 1744; x_wconf 85' lang='lat' dir='ltr'>Africae,</span> <span class='ocrx_word' id='word_1_108' title='bbox 1096 1660 1322 1726; x_wconf 88' lang='lat' dir='ltr'>commentarii</span> 
     </span>
     <span class='ocr_line' id='line_1_14' title="bbox 179 1745 1321 1836; baseline -0.001 -21"><span class='ocrx_word' id='word_1_109' title='bbox 179 1755 296 1816; x_wconf 88' lang='lat' dir='ltr'>auctor</span> <span class='ocrx_word' id='word_1_110' title='bbox 315 1750 386 1836; x_wconf 82' lang='lat' dir='ltr'>ideo</span> <span class='ocrx_word' id='word_1_111' title='bbox 408 1749 470 1814; x_wconf 92' lang='lat' dir='ltr'>sibi</span> <span class='ocrx_word' id='word_1_112' title='bbox 489 1772 554 1814; x_wconf 94' lang='lat' dir='ltr'>non</span> <span class='ocrx_word' id='word_1_113' title='bbox 574 1745 796 1834; x_wconf 84' lang='lat' dir='ltr'>exponendum</span> <span class='ocrx_word' id='word_1_114' title='bbox 816 1771 886 1814; x_wconf 90' lang='lat' dir='ltr'>esse</span> <span class='ocrx_word' id='word_1_115' title='bbox 906 1750 1117 1832; x_wconf 84' lang='lat' dir='ltr'>existimarit,</span> <span class='ocrx_word' id='word_1_116' title='bbox 1142 1750 1226 1833; x_wconf 85' lang='lat' dir='ltr'>quia,</span> <span class='ocrx_word' id='word_1_117' title='bbox 1249 1771 1321 1814; x_wconf 86' lang='lat' dir='ltr'>curn</span> 
     </span>
     <span class='ocr_line' id='line_1_15' title="bbox 176 1837 1322 1923; baseline -0.002 -20"><span class='ocrx_word' id='word_1_118' title='bbox 176 1862 251 1905; x_wconf 91' lang='lat' dir='ltr'>eurn</span> <span class='ocrx_word' id='word_1_119' title='bbox 277 1839 508 1922; x_wconf 90' lang='lat' dir='ltr'>conscriberet,</span> <span class='ocrx_word' id='word_1_120' title='bbox 531 1838 633 1902; x_wconf 86' lang='lat' dir='ltr'>Hirtii</span> <span class='ocrx_word' id='word_1_121' title='bbox 657 1860 756 1923; x_wconf 93' lang='lat' dir='ltr'>opera</span> <span class='ocrx_word' id='word_1_122' title='bbox 779 1840 978 1923; x_wconf 88' lang='lat' dir='ltr'>consilioque</span> <span class='ocrx_word' id='word_1_123' title='bbox 1002 1841 1041 1904; x_wconf 91' lang='lat' dir='ltr'>de</span> <span class='ocrx_word' id='word_1_124' title='bbox 1065 1839 1151 1902; x_wconf 93' lang='lat' dir='ltr'>bello</span> <span class='ocrx_word' id='word_1_125' title='bbox 1177 1837 1265 1902; x_wconf 85' lang='lat' dir='ltr'>civili</span> <span class='ocrx_word' id='word_1_126' title='bbox 1289 1842 1322 1902; x_wconf 88' lang='lat' dir='ltr'>et</span> 
     </span>
     <span class='ocr_line' id='line_1_16' title="bbox 173 1927 1320 2012; baseline -0.003 -19"><span class='ocrx_word' id='word_1_127' title='bbox 173 1928 398 1993; x_wconf 81' lang='lat' dir='ltr'>Alexandrino</span> <span class='ocrx_word' id='word_1_128' title='bbox 417 1927 520 1991; x_wconf 90' lang='lat' dir='ltr'>libros</span> <span class='ocrx_word' id='word_1_129' title='bbox 540 1928 749 1991; x_wconf 86' lang='lat' dir='ltr'>retractantis</span> <span class='ocrx_word' id='word_1_130' title='bbox 769 1932 802 1991; x_wconf 89' lang='lat' dir='ltr'>et</span> <span class='ocrx_word' id='word_1_131' title='bbox 821 1929 1015 2012; x_wconf 88' lang='lat' dir='ltr'>supplentis,</span> <span class='ocrx_word' id='word_1_132' title='bbox 1035 1950 1117 2012; x_wconf 91' lang='lat' dir='ltr'>quae</span> <span class='ocrx_word' id='word_1_133' title='bbox 1136 1927 1175 1991; x_wconf 92' lang='lat' dir='ltr'>de</span> <span class='ocrx_word' id='word_1_134' title='bbox 1195 1927 1320 2012; x_wconf 87' lang='lat' dir='ltr'>origine</span> 
     </span>
     <span class='ocr_line' id='line_1_17' title="bbox 173 2016 1321 2100; baseline -0.003 -17"><span class='ocrx_word' id='word_1_135' title='bbox 173 2018 346 2100; x_wconf 85' lang='lat' dir='ltr'>causisque</span> <span class='ocrx_word' id='word_1_136' title='bbox 376 2016 510 2081; x_wconf 85' lang='lat' dir='ltr'>dicenda</span> <span class='ocrx_word' id='word_1_137' title='bbox 538 2021 659 2099; x_wconf 89' lang='lat' dir='ltr'>essent,</span> <span class='ocrx_word' id='word_1_138' title='bbox 690 2020 862 2100; x_wconf 88' lang='lat' dir='ltr'>praerepta</span> <span class='ocrx_word' id='word_1_139' title='bbox 893 2017 963 2081; x_wconf 86' lang='lat' dir='ltr'>fore</span> <span class='ocrx_word' id='word_1_140' title='bbox 994 2017 1104 2081; x_wconf 88' lang='lat' dir='ltr'>orunia</span> <span class='ocrx_word' id='word_1_141' title='bbox 1128 2016 1321 2081; x_wconf 88' lang='lat' dir='ltr'>confidebat.</span> 
     </span>
     <span class='ocr_line' id='line_1_18' title="bbox 174 2104 1321 2203; baseline -0.003 -32"><span class='ocrx_word' id='word_1_142' title='bbox 174 2104 362 2171; x_wconf 85' lang='lat' dir='ltr'>Conflatum</span> <span class='ocrx_word' id='word_1_143' title='bbox 390 2110 499 2170; x_wconf 89' lang='lat' dir='ltr'>autem</span> <span class='ocrx_word' id='word_1_144' title='bbox 528 2109 599 2169; x_wconf 91' lang='lat' dir='ltr'>erat</span> <span class='ocrx_word' id='word_1_145' title='bbox 629 2108 734 2169; x_wconf 90' lang='lat' dir='ltr'>totum</span> <span class='ocrx_word' id='word_1_146' title='bbox 766 2105 847 2170; x_wconf 90' lang='lat' dir='ltr'>illud</span> <span class='ocrx_word' id='word_1_147' title='bbox 878 2106 1010 2203; x_wconf 77' lang='lat' dir='ltr'>bellum,</span> <span class='ocrx_word' id='word_1_148' title='bbox 1029 2105 1192 2189; x_wconf 90' lang='lat' dir='ltr'>Curionis,</span> <span class='ocrx_word' id='word_1_149' title='bbox 1220 2106 1321 2190; x_wconf 84' lang='lat' dir='ltr'>legati</span> 
     </span>
     <span class='ocr_line' id='line_1_19' title="bbox 174 2193 1321 2279; baseline -0.001 -19"><span class='ocrx_word' id='word_1_150' title='bbox 174 2195 340 2279; x_wconf 82' lang='lat' dir='ltr'>Caesaris,</span> <span class='ocrx_word' id='word_1_151' title='bbox 373 2197 406 2258; x_wconf 86' lang='lat' dir='ltr'>et</span> <span class='ocrx_word' id='word_1_152' title='bbox 438 2193 623 2258; x_wconf 86' lang='lat' dir='ltr'>temeritate</span> <span class='ocrx_word' id='word_1_153' title='bbox 657 2197 690 2258; x_wconf 87' lang='lat' dir='ltr'>et</span> <span class='ocrx_word' id='word_1_154' title='bbox 707 2193 810 2258; x_wconf 87' lang='lat' dir='ltr'>clade</span> <span class='ocrx_word' id='word_1_155' title='bbox 841 2195 925 2276; x_wconf 90' lang='lat' dir='ltr'>apud</span> <span class='ocrx_word' id='word_1_156' title='bbox 956 2193 1141 2279; x_wconf 85' lang='lat' dir='ltr'>Bagradam</span> <span class='ocrx_word' id='word_1_157' title='bbox 1174 2197 1321 2279; x_wconf 81' lang='lat' dir='ltr'>accepta3</span> 
     </span>
     <span class='ocr_line' id='line_1_20' title="bbox 171 2281 1319 2370; baseline -0.001 -22"><span class='ocrx_word' id='word_1_158' title='bbox 171 2285 232 2370; x_wconf 90' lang='lat' dir='ltr'>qui</span> <span class='ocrx_word' id='word_1_159' title='bbox 257 2284 285 2348; x_wconf 91' lang='lat' dir='ltr'>si</span> <span class='ocrx_word' id='word_1_160' title='bbox 308 2283 510 2368; x_wconf 86' lang='lat' dir='ltr'>provinciam</span> <span class='ocrx_word' id='word_1_161' title='bbox 535 2283 719 2370; x_wconf 86' lang='lat' dir='ltr'>legionibus</span> <span class='ocrx_word' id='word_1_162' title='bbox 744 2283 952 2366; x_wconf 76' lang='lat' dir='ltr'>obtinuisset,</span> <span class='ocrx_word' id='word_1_163' title='bbox 979 2305 1039 2347; x_wconf 89' lang='lat' dir='ltr'>nee</span> <span class='ocrx_word' id='word_1_164' title='bbox 1066 2304 1195 2368; x_wconf 86' lang='lat' dir='ltr'>pugnae</span> <span class='ocrx_word' id='word_1_165' title='bbox 1219 2281 1319 2347; x_wconf 89' lang='lat' dir='ltr'>Phar·</span> 
     </span>
     <span class='ocr_line' id='line_1_21' title="bbox 171 2370 1319 2457; baseline -0.002 -20"><span class='ocrx_word' id='word_1_166' title='bbox 171 2373 296 2438; x_wconf 81' lang='lat' dir='ltr'>salicae</span> <span class='ocrx_word' id='word_1_167' title='bbox 320 2372 475 2457; x_wconf 88' lang='lat' dir='ltr'>reliquiae</span> <span class='ocrx_word' id='word_1_168' title='bbox 498 2372 577 2436; x_wconf 90' lang='lat' dir='ltr'>illuc</span> <span class='ocrx_word' id='word_1_169' title='bbox 606 2372 843 2456; x_wconf 85' lang='lat' dir='ltr'>confugissent,</span> <span class='ocrx_word' id='word_1_170' title='bbox 870 2394 974 2455; x_wconf 91' lang='lat' dir='ltr'>neque</span> <span class='ocrx_word' id='word_1_171' title='bbox 1002 2370 1135 2436; x_wconf 80' lang='lat' dir='ltr'>Caesari</span> <span class='ocrx_word' id='word_1_172' title='bbox 1164 2375 1240 2454; x_wconf 91' lang='lat' dir='ltr'>post</span> <span class='ocrx_word' id='word_1_173' title='bbox 1268 2394 1319 2435; x_wconf 85' lang='lat' dir='ltr'>ex-</span> 
     </span>
     <span class='ocr_line' id='line_1_22' title="bbox 171 2460 1317 2548; baseline -0.002 -23"><span class='ocrx_word' id='word_1_174' title='bbox 171 2461 372 2548; x_wconf 90' lang='lat' dir='ltr'>peditionem</span> <span class='ocrx_word' id='word_1_175' title='bbox 398 2460 567 2526; x_wconf 90' lang='lat' dir='ltr'>Ponticam</span> <span class='ocrx_word' id='word_1_176' title='bbox 592 2460 703 2525; x_wconf 86' lang='lat' dir='ltr'>Africa</span> <span class='ocrx_word' id='word_1_177' title='bbox 731 2460 907 2545; x_wconf 90' lang='lat' dir='ltr'>repetenda</span> <span class='ocrx_word' id='word_1_178' title='bbox 934 2461 1059 2526; x_wconf 87' lang='lat' dir='ltr'>fuisset.</span> <span class='ocrx_word' id='word_1_179' title='bbox 1104 2460 1219 2542; x_wconf 89' lang='lat' dir='ltr'>Itaque</span> <span class='ocrx_word' id='word_1_180' title='bbox 1243 2460 1317 2524; x_wconf 90' lang='lat' dir='ltr'>dum</span> 
     </span>
    </p>
   </div>
   <div class='ocr_carea' id='block_1_7' title="bbox 171 2546 1418 2631">
    <p class='ocr_par' dir='ltr' id='par_1_7' title="bbox 171 2546 1418 2631">
     <span class='ocr_line' id='line_1_23' title="bbox 171 2546 1418 2631; baseline -0.004 -14"><span class='ocrx_word' id='word_1_181' title='bbox 171 2550 299 2617; x_wconf 88' lang='lat' dir='ltr'>Caesar</span> <span class='ocrx_word' id='word_1_182' title='bbox 323 2549 537 2615; x_wconf 82' lang='lat' dir='ltr'>Alexandriae</span> <span class='ocrx_word' id='word_1_183' title='bbox 561 2553 593 2614; x_wconf 85' lang='lat' dir='ltr'>et</span> <span class='ocrx_word' id='word_1_184' title='bbox 616 2549 651 2613; x_wconf 93' lang='lat' dir='ltr'>in</span> <span class='ocrx_word' id='word_1_185' title='bbox 674 2549 755 2614; x_wconf 87' lang='lat' dir='ltr'>Asia</span> <span class='ocrx_word' id='word_1_186' title='bbox 779 2551 1011 2631; x_wconf 85' lang='lat' dir='ltr'>commoratur,</span> <span class='ocrx_word' id='word_1_187' title='bbox 1034 2549 1081 2613; x_wconf 90' lang='lat' dir='ltr'>ita</span> <span class='ocrx_word' id='word_1_188' title='bbox 1105 2553 1219 2612; x_wconf 90' lang='lat' dir='ltr'>auctae</span> <span class='ocrx_word' id='word_1_189' title='bbox 1244 2553 1320 2612; x_wconf 88' lang='lat' dir='ltr'>sunt</span> <span class='ocrx_word' id='word_1_190' title='bbox 1415 2546 1418 2552; x_wconf 75' lang='grc'><strong>’</strong></span> 
     </span>
    </p>
   </div>
   <div class='ocr_carea' id='block_1_8' title="bbox 170 2635 1320 2901">
    <p class='ocr_par' dir='ltr' id='par_1_8' title="bbox 170 2635 1320 2901">
     <span class='ocr_line' id='line_1_24' title="bbox 171 2635 1320 2723; baseline -0.004 -18"><span class='ocrx_word' id='word_1_191' title='bbox 171 2639 450 2723; x_wconf 90' lang='lat' dir='ltr'>Pompeianorum</span> <span class='ocrx_word' id='word_1_192' title='bbox 475 2640 587 2723; x_wconf 89' lang='lat' dir='ltr'>copiae</span> <span class='ocrx_word' id='word_1_193' title='bbox 611 2636 691 2723; x_wconf 90' lang='lat' dir='ltr'>(Cio.</span> <span class='ocrx_word' id='word_1_194' title='bbox 716 2638 809 2721; x_wconf 89' lang='lat' dir='ltr'>epist.</span> <span class='ocrx_word' id='word_1_195' title='bbox 834 2638 872 2702; x_wconf 92' lang='lat' dir='ltr'>ad</span> <span class='ocrx_word' id='word_1_196' title='bbox 897 2636 966 2702; x_wconf 84' lang='lat' dir='ltr'>Att.</span> <span class='ocrx_word' id='word_1_197' title='bbox 992 2639 1042 2722; x_wconf 91' lang='lat'>11,</span> <span class='ocrx_word' id='word_1_198' title='bbox 1068 2639 1118 2720; x_wconf 89' lang='grc'>10,</span> <span class='ocrx_word' id='word_1_199' title='bbox 1142 2638 1170 2701; x_wconf 88' lang='grc'>2.</span> <span class='ocrx_word' id='word_1_200' title='bbox 1200 2638 1251 2720; x_wconf 94' lang='grc'>12,</span> <span class='ocrx_word' id='word_1_201' title='bbox 1274 2635 1320 2722; x_wconf 86' lang='grc'>3),</span> 
     </span>
     <span class='ocr_line' id='line_1_25' title="bbox 171 2726 1320 2809; baseline -0.003 -16"><span class='ocrx_word' id='word_1_202' title='bbox 171 2734 214 2793; x_wconf 89' lang='lat' dir='ltr'>ut</span> <span class='ocrx_word' id='word_1_203' title='bbox 247 2750 302 2792; x_wconf 93' lang='lat' dir='ltr'>eos</span> <span class='ocrx_word' id='word_1_204' title='bbox 334 2728 457 2792; x_wconf 89' lang='lat' dir='ltr'>bellum</span> <span class='ocrx_word' id='word_1_205' title='bbox 489 2728 523 2791; x_wconf 93' lang='lat' dir='ltr'>in</span> <span class='ocrx_word' id='word_1_206' title='bbox 559 2727 691 2792; x_wconf 90' lang='lat' dir='ltr'>Italiam</span> <span class='ocrx_word' id='word_1_207' title='bbox 723 2727 940 2792; x_wconf 85' lang='lat' dir='ltr'>translaturos</span> <span class='ocrx_word' id='word_1_208' title='bbox 974 2749 1043 2791; x_wconf 87' lang='lat' dir='ltr'>esse</span> <span class='ocrx_word' id='word_1_209' title='bbox 1074 2726 1165 2790; x_wconf 88' lang='lat' dir='ltr'>fama</span> <span class='ocrx_word' id='word_1_210' title='bbox 1196 2747 1320 2809; x_wconf 91' lang='lat' dir='ltr'>percre-</span> 
     </span>
     <span class='ocr_line' id='line_1_26' title="bbox 170 2812 1318 2901; baseline -0.003 -18"><span class='ocrx_word' id='word_1_211' title='bbox 170 2817 671 2901; x_wconf 73' lang='grc'><strong>1111111111111111.11,15,1.</strong></span> <span class='ocrx_word' id='word_1_212' title='bbox 708 2817 815 2900; x_wconf 89' lang='grc'><strong>18,1.</strong></span> <span class='ocrx_word' id='word_1_213' title='bbox 853 2812 1200 2901; x_wconf 69' lang='grc'><strong>111101114256).</strong></span> <span class='ocrx_word' id='word_1_214' title='bbox 1245 2814 1318 2880; x_wconf 89' lang='lat' dir='ltr'>Huc</span> 
     </span>
    </p>
   </div>
   <div class='ocr_carea' id='block_1_9' title="bbox 45 2903 1318 2990">
    <p class='ocr_par' dir='ltr' id='par_1_9' title="bbox 45 2903 1318 2990">
     <span class='ocr_line' id='line_1_27' title="bbox 45 2903 1318 2990; baseline -0.003 -18"><span class='ocrx_word' id='word_1_215' title='bbox 45 2903 48 2910; x_wconf 79' lang='grc'><strong>’</strong></span> <span class='ocrx_word' id='word_1_216' title='bbox 170 2906 362 2989; x_wconf 87' lang='lat' dir='ltr'>accedebat,</span> <span class='ocrx_word' id='word_1_217' title='bbox 395 2906 481 2990; x_wconf 90' lang='lat' dir='ltr'>quod</span> <span class='ocrx_word' id='word_1_218' title='bbox 514 2905 662 2971; x_wconf 76' lang='lat' dir='ltr'>Caesaris</span> <span class='ocrx_word' id='word_1_219' title='bbox 691 2905 836 2990; x_wconf 87' lang='lat' dir='ltr'>legiones</span> <span class='ocrx_word' id='word_1_220' title='bbox 865 2904 1020 2970; x_wconf 83' lang='lat' dir='ltr'>seditiosa-</span> <span class='ocrx_word' id='word_1_221' title='bbox 1053 2903 1190 2970; x_wconf 90' lang='lat' dir='ltr'>consilia</span> <span class='ocrx_word' id='word_1_222' title='bbox 1217 2905 1318 2988; x_wconf 86' lang='lat' dir='ltr'>agita-</span> 
     </span>
    </p>
   </div>
   <div class='ocr_carea' id='block_1_10' title="bbox 169 2993 1369 3080">
    <p class='ocr_par' dir='ltr' id='par_1_10' title="bbox 169 2993 1369 3080">
     <span class='ocr_line' id='line_1_28' title="bbox 169 2993 1369 3080; baseline -0.004 -18"><span class='ocrx_word' id='word_1_223' title='bbox 169 2998 255 3062; x_wconf 88' lang='lat' dir='ltr'>bant</span> <span class='ocrx_word' id='word_1_224' title='bbox 278 2995 475 3080; x_wconf 87' lang='lat' dir='ltr'>et&#39;praernia</span> <span class='ocrx_word' id='word_1_225' title='bbox 493 2994 570 3058; x_wconf 92' lang='lat' dir='ltr'>belli</span> <span class='ocrx_word' id='word_1_226' title='bbox 591 2998 665 3058; x_wconf 92' lang='lat' dir='ltr'>ante</span> <span class='ocrx_word' id='word_1_227' title='bbox 685 2995 787 3058; x_wconf 90' lang='lat' dir='ltr'>aciem</span> <span class='ocrx_word' id='word_1_228' title='bbox 808 2994 1030 3058; x_wconf 86' lang='lat' dir='ltr'>Pharsalicam</span> <span class='ocrx_word' id='word_1_229' title='bbox 1049 2995 1210 3078; x_wconf 89' lang='lat' dir='ltr'>promissa</span> <span class='ocrx_word' id='word_1_230' title='bbox 1229 2993 1318 3058; x_wconf 90' lang='lat' dir='ltr'>velut</span> <span class='ocrx_word' id='word_1_231' title='bbox 1366 3025 1369 3032; x_wconf 63' lang='lat'>=</span> 
     </span>
    </p>
   </div>
   <div class='ocr_carea' id='block_1_11' title="bbox 163 3081 1317 4400">
    <p class='ocr_par' dir='ltr' id='par_1_11' title="bbox 164 3081 1317 4042">
     <span class='ocr_line' id='line_1_29' title="bbox 168 3081 1316 3167; baseline -0.002 -17"><span class='ocrx_word' id='word_1_232' title='bbox 168 3108 238 3150; x_wconf 88' lang='lat' dir='ltr'>uno</span> <span class='ocrx_word' id='word_1_233' title='bbox 271 3105 326 3148; x_wconf 88' lang='lat' dir='ltr'>ore</span> <span class='ocrx_word' id='word_1_234' title='bbox 356 3084 559 3167; x_wconf 83' lang='lat' dir='ltr'>expetebant.</span> <span class='ocrx_word' id='word_1_235' title='bbox 598 3084 627 3148; x_wconf 92' lang='lat' dir='ltr'>b.</span> <span class='ocrx_word' id='word_1_236' title='bbox 650 3081 720 3148; x_wconf 81' lang='lat' dir='ltr'>Afr.</span> <span class='ocrx_word' id='word_1_237' title='bbox 751 3082 803 3166; x_wconf 87' lang='grc'>54,</span> <span class='ocrx_word' id='word_1_238' title='bbox 829 3084 857 3148; x_wconf 97' lang='grc'>1.</span> <span class='ocrx_word' id='word_1_239' title='bbox 895 3082 957 3148; x_wconf 88' lang='lat' dir='ltr'>Dio</span> <span class='ocrx_word' id='word_1_240' title='bbox 983 3081 1071 3148; x_wconf 88' lang='lat' dir='ltr'>Cass.</span> <span class='ocrx_word' id='word_1_241' title='bbox 1095 3084 1152 3165; x_wconf 90' lang='grc'>42,</span> <span class='ocrx_word' id='word_1_242' title='bbox 1175 3082 1316 3148; x_wconf 88' lang='grc'><strong>52-55.</strong></span> 
     </span>
     <span class='ocr_line' id='line_1_30' title="bbox 167 3168 1317 3258; baseline -0.004 -18"><span class='ocrx_word' id='word_1_243' title='bbox 167 3173 317 3258; x_wconf 88' lang='lat' dir='ltr'>Appian.</span> <span class='ocrx_word' id='word_1_244' title='bbox 339 3173 370 3236; x_wconf 92' lang='lat' dir='ltr'>b.</span> <span class='ocrx_word' id='word_1_245' title='bbox 394 3173 453 3238; x_wconf 87' lang='lat' dir='ltr'>civ.</span> <span class='ocrx_word' id='word_1_246' title='bbox 478 3174 508 3256; x_wconf 87' lang='grc'>2,</span> <span class='ocrx_word' id='word_1_247' title='bbox 527 3174 628 3256; x_wconf 73' lang='grc'><strong>9211.</strong></span> <span class='ocrx_word' id='word_1_248' title='bbox 662 3170 748 3236; x_wconf 86' lang='lat' dir='ltr'>Suet.</span> <span class='ocrx_word' id='word_1_249' title='bbox 773 3170 845 3236; x_wconf 88' lang='lat' dir='ltr'>Div.</span> <span class='ocrx_word' id='word_1_250' title='bbox 868 3170 927 3236; x_wconf 90' lang='lat' dir='ltr'>Iul.</span> <span class='ocrx_word' id='word_1_251' title='bbox 954 3173 1004 3236; x_wconf 78' lang='lat'>70.</span> <span class='ocrx_word' id='word_1_252' title='bbox 1042 3172 1126 3236; x_wconf 85' lang='lat' dir='ltr'>Plut.</span> <span class='ocrx_word' id='word_1_253' title='bbox 1149 3168 1240 3236; x_wconf 86' lang='lat' dir='ltr'>Caes.</span> <span class='ocrx_word' id='word_1_254' title='bbox 1265 3171 1317 3237; x_wconf 91' lang='grc'>51.</span> 
     </span>
     <span class='ocr_line' id='line_1_31' title="bbox 167 3258 1316 3346; baseline -0.005 -17"><span class='ocrx_word' id='word_1_255' title='bbox 167 3263 327 3346; x_wconf 88' lang='lat' dir='ltr'>Polyaen.</span> <span class='ocrx_word' id='word_1_256' title='bbox 358 3265 451 3326; x_wconf 88' lang='lat' dir='ltr'>strat.</span> <span class='ocrx_word' id='word_1_257' title='bbox 475 3263 505 3344; x_wconf 87' lang='grc'>8,</span> <span class='ocrx_word' id='word_1_258' title='bbox 529 3262 580 3345; x_wconf 86' lang='grc'>23,</span> <span class='ocrx_word' id='word_1_259' title='bbox 608 3261 656 3326; x_wconf 87' lang='grc'>15.</span> <span class='ocrx_word' id='word_1_260' title='bbox 704 3258 767 3325; x_wconf 82' lang='lat' dir='ltr'>Sed</span> <span class='ocrx_word' id='word_1_261' title='bbox 796 3260 921 3324; x_wconf 87' lang='lat' dir='ltr'>frustra</span> <span class='ocrx_word' id='word_1_262' title='bbox 951 3261 1083 3325; x_wconf 86' lang='lat' dir='ltr'>fortuna</span> <span class='ocrx_word' id='word_1_263' title='bbox 1110 3259 1316 3344; x_wconf 88' lang='lat' dir='ltr'>Pompeianis</span> 
     </span>
     <span class='ocr_line' id='line_1_32' title="bbox 169 3348 1316 3436; baseline -0.004 -19"><span class='ocrx_word' id='word_1_264' title='bbox 169 3351 367 3436; x_wconf 83' lang='lat' dir='ltr'>affirlgebat3</span> <span class='ocrx_word' id='word_1_265' title='bbox 390 3373 463 3416; x_wconf 89' lang='lat' dir='ltr'>curn</span> <span class='ocrx_word' id='word_1_266' title='bbox 487 3350 574 3415; x_wconf 85' lang='grc'><strong>11111</strong></span> <span class='ocrx_word' id='word_1_267' title='bbox 597 3353 750 3433; x_wconf 86' lang='lat' dir='ltr'>prompto</span> <span class='ocrx_word' id='word_1_268' title='bbox 776 3349 884 3414; x_wconf 91' lang='lat' dir='ltr'>animo</span> <span class='ocrx_word' id='word_1_269' title='bbox 905 3349 1064 3434; x_wconf 90' lang='lat' dir='ltr'>agendum</span> <span class='ocrx_word' id='word_1_270' title='bbox 1084 3352 1180 3431; x_wconf 89' lang='lat' dir='ltr'>esset,</span> <span class='ocrx_word' id='word_1_271' title='bbox 1198 3348 1316 3428; x_wconf 90' lang='lat' dir='ltr'>Varus,</span> 
     </span>
     <span class='ocr_line' id='line_1_33' title="bbox 170 3438 1316 3525; baseline -0.004 -20"><span class='ocrx_word' id='word_1_272' title='bbox 170 3441 284 3525; x_wconf 88' lang='lat' dir='ltr'>Scipio</span> <span class='ocrx_word' id='word_1_273' title='bbox 316 3444 347 3504; x_wconf 87' lang='lat' dir='ltr'>et</span> <span class='ocrx_word' id='word_1_274' title='bbox 376 3439 459 3503; x_wconf 89' lang='lat' dir='ltr'>Iuba</span> <span class='ocrx_word' id='word_1_275' title='bbox 489 3460 544 3504; x_wconf 87' lang='lat' dir='ltr'>rex</span> <span class='ocrx_word' id='word_1_276' title='bbox 575 3438 614 3502; x_wconf 91' lang='lat' dir='ltr'>de</span> <span class='ocrx_word' id='word_1_277' title='bbox 645 3461 772 3502; x_wconf 91' lang='lat' dir='ltr'>summa</span> <span class='ocrx_word' id='word_1_278' title='bbox 801 3438 929 3522; x_wconf 92' lang='lat' dir='ltr'>imperii</span> <span class='ocrx_word' id='word_1_279' title='bbox 960 3439 1045 3501; x_wconf 85' lang='lat' dir='ltr'>inter</span> <span class='ocrx_word' id='word_1_280' title='bbox 1074 3459 1108 3501; x_wconf 92' lang='lat' dir='ltr'>se</span> <span class='ocrx_word' id='word_1_281' title='bbox 1137 3438 1316 3521; x_wconf 89' lang='lat' dir='ltr'>certabant,</span> 
     </span>
     <span class='ocr_line' id='line_1_34' title="bbox 169 3525 1316 3613; baseline -0.007 -17"><span class='ocrx_word' id='word_1_282' title='bbox 169 3530 257 3596; x_wconf 91' lang='lat' dir='ltr'>Cato</span> <span class='ocrx_word' id='word_1_283' title='bbox 281 3529 427 3594; x_wconf 88' lang='lat' dir='ltr'>oblatum</span> <span class='ocrx_word' id='word_1_284' title='bbox 452 3527 631 3613; x_wconf 72' lang='lat' dir='ltr'>abnuebat,</span> <span class='ocrx_word' id='word_1_285' title='bbox 659 3527 714 3611; x_wconf 92' lang='lat' dir='ltr'>qui</span> <span class='ocrx_word' id='word_1_286' title='bbox 742 3530 908 3610; x_wconf 92' lang='lat' dir='ltr'>postremo</span> <span class='ocrx_word' id='word_1_287' title='bbox 937 3528 999 3591; x_wconf 90' lang='lat' dir='ltr'>toti</span> <span class='ocrx_word' id='word_1_288' title='bbox 1022 3526 1109 3590; x_wconf 92' lang='lat' dir='ltr'>bello</span> <span class='ocrx_word' id='word_1_289' title='bbox 1133 3525 1316 3610; x_wconf 87' lang='lat' dir='ltr'>praefectus</span> 
     </span>
     <span class='ocr_line' id='line_1_35' title="bbox 169 3614 1315 3702; baseline -0.006 -18"><span class='ocrx_word' id='word_1_290' title='bbox 169 3624 236 3698; x_wconf 88' lang='lat' dir='ltr'>est,</span> <span class='ocrx_word' id='word_1_291' title='bbox 261 3616 382 3702; x_wconf 82' lang='lat' dir='ltr'>Scipio,</span> <span class='ocrx_word' id='word_1_292' title='bbox 405 3618 510 3700; x_wconf 90' lang='lat' dir='ltr'>impar</span> <span class='ocrx_word' id='word_1_293' title='bbox 527 3616 591 3680; x_wconf 83' lang='lat' dir='ltr'>luit</span> <span class='ocrx_word' id='word_1_294' title='bbox 610 3615 746 3698; x_wconf 79' lang='lat' dir='ltr'>muneri3</span> <span class='ocrx_word' id='word_1_295' title='bbox 772 3615 894 3681; x_wconf 89' lang='lat' dir='ltr'>Caesar</span> <span class='ocrx_word' id='word_1_296' title='bbox 912 3620 1036 3698; x_wconf 89' lang='lat' dir='ltr'>contra,</span> <span class='ocrx_word' id='word_1_297' title='bbox 1061 3616 1116 3699; x_wconf 92' lang='lat' dir='ltr'>qui</span> <span class='ocrx_word' id='word_1_298' title='bbox 1139 3614 1315 3698; x_wconf 91' lang='lat' dir='ltr'>plurimum</span> 
     </span>
     <span class='ocr_line' id='line_1_36' title="bbox 168 3703 1314 3792; baseline -0.008 -18"><span class='ocrx_word' id='word_1_299' title='bbox 168 3709 243 3792; x_wconf 88' lang='lat' dir='ltr'>spei</span> <span class='ocrx_word' id='word_1_300' title='bbox 271 3707 305 3771; x_wconf 91' lang='lat' dir='ltr'>in</span> <span class='ocrx_word' id='word_1_301' title='bbox 333 3707 500 3773; x_wconf 88' lang='lat' dir='ltr'>celeritate</span> <span class='ocrx_word' id='word_1_302' title='bbox 528 3708 677 3789; x_wconf 91' lang='lat' dir='ltr'>poneret,</span> <span class='ocrx_word' id='word_1_303' title='bbox 710 3726 907 3788; x_wconf 89' lang='lat' dir='ltr'>quamquam</span> <span class='ocrx_word' id='word_1_304' title='bbox 937 3707 1109 3789; x_wconf 88' lang='lat' dir='ltr'>appetente</span> <span class='ocrx_word' id='word_1_305' title='bbox 1136 3703 1243 3767; x_wconf 91' lang='lat' dir='ltr'>hieme</span> <span class='ocrx_word' id='word_1_306' title='bbox 1273 3704 1314 3766; x_wconf 93' lang='lat' dir='ltr'>le·</span> 
     </span>
     <span class='ocr_line' id='line_1_37' title="bbox 168 3792 1315 3883; baseline -0.004 -22"><span class='ocrx_word' id='word_1_307' title='bbox 168 3800 286 3883; x_wconf 87' lang='lat' dir='ltr'>giones</span> <span class='ocrx_word' id='word_1_308' title='bbox 311 3795 503 3880; x_wconf 85' lang='lat' dir='ltr'>Lilybaeum</span> <span class='ocrx_word' id='word_1_309' title='bbox 522 3795 700 3860; x_wconf 87' lang='lat' dir='ltr'>arcessivit.</span> <span class='ocrx_word' id='word_1_310' title='bbox 738 3793 886 3878; x_wconf 81' lang='lat' dir='ltr'>Quinque</span> <span class='ocrx_word' id='word_1_311' title='bbox 904 3793 1048 3858; x_wconf 90' lang='lat' dir='ltr'>tironum</span> <span class='ocrx_word' id='word_1_312' title='bbox 1069 3792 1179 3857; x_wconf 85' lang='lat' dir='ltr'>subito</span> <span class='ocrx_word' id='word_1_313' title='bbox 1204 3814 1315 3875; x_wconf 88' lang='lat' dir='ltr'>parue-</span> 
     </span>
     <span class='ocr_line' id='line_1_38' title="bbox 166 3879 1311 3969; baseline -0.008 -17"><span class='ocrx_word' id='word_1_314' title='bbox 166 3888 249 3952; x_wconf 88' lang='lat' dir='ltr'>runt</span> <span class='ocrx_word' id='word_1_315' title='bbox 272 3885 380 3968; x_wconf 70' lang='lat' dir='ltr'>dictis,</span> <span class='ocrx_word' id='word_1_316' title='bbox 404 3883 591 3968; x_wconf 87' lang='lat' dir='ltr'>adiungitur</span> <span class='ocrx_word' id='word_1_317' title='bbox 609 3883 723 3968; x_wconf 90' lang='lat' dir='ltr'>quinta</span> <span class='ocrx_word' id='word_1_318' title='bbox 746 3882 867 3947; x_wconf 88' lang='lat' dir='ltr'>Martia</span> <span class='ocrx_word' id='word_1_319' title='bbox 886 3879 930 3969; x_wconf 89' lang='lat' dir='ltr'>(b.</span> <span class='ocrx_word' id='word_1_320' title='bbox 950 3881 1019 3946; x_wconf 88' lang='lat' dir='ltr'>Afr.</span> <span class='ocrx_word' id='word_1_321' title='bbox 1040 3883 1069 3965; x_wconf 93' lang='lat'>1,</span> <span class='ocrx_word' id='word_1_322' title='bbox 1083 3879 1133 3968; x_wconf 86' lang='lat'>4):</span> <span class='ocrx_word' id='word_1_323' title='bbox 1157 3885 1311 3966; x_wconf 86' lang='lat' dir='ltr'>quattuor</span> 
     </span>
     <span class='ocr_line' id='line_1_39' title="bbox 164 3975 588 4042; baseline -0.009 0"><span class='ocrx_word' id='word_1_324' title='bbox 164 3979 344 4042; x_wconf 87' lang='lat' dir='ltr'>veteranae</span> <span class='ocrx_word' id='word_1_325' title='bbox 367 3975 588 4038; x_wconf 88' lang='lat' dir='ltr'>morabantur.</span> 
     </span>
    </p>

    <p class='ocr_par' dir='ltr' id='par_1_12' title="bbox 163 4056 1315 4400">
     <span class='ocr_line' id='line_1_40' title="bbox 263 4056 1314 4150; baseline -0.007 -21"><span class='ocrx_word' id='word_1_326' title='bbox 263 4062 445 4150; x_wconf 82' lang='lat' dir='ltr'>Secundum</span> <span class='ocrx_word' id='word_1_327' title='bbox 463 4061 616 4128; x_wconf 90' lang='lat' dir='ltr'>Asinium</span> <span class='ocrx_word' id='word_1_328' title='bbox 635 4062 664 4126; x_wconf 91' lang='lat' dir='ltr'>b.</span> <span class='ocrx_word' id='word_1_329' title='bbox 678 4060 748 4126; x_wconf 81' lang='lat' dir='ltr'>Afr.</span> <span class='ocrx_word' id='word_1_330' title='bbox 766 4062 826 4145; x_wconf 93' lang='grc'>1,1</span> <span class='ocrx_word' id='word_1_331' title='bbox 848 4064 881 4125; x_wconf 87' lang='grc'>11</span> <span class='ocrx_word' id='word_1_332' title='bbox 900 4061 930 4143; x_wconf 83' lang='lat'>2,</span> <span class='ocrx_word' id='word_1_333' title='bbox 944 4061 965 4124; x_wconf 85' lang='lat'>4</span> <span class='ocrx_word' id='word_1_334' title='bbox 985 4057 1105 4124; x_wconf 85' lang='lat' dir='ltr'>Caesar</span> <span class='ocrx_word' id='word_1_335' title='bbox 1120 4082 1148 4124; x_wconf 87' lang='lat' dir='ltr'>a.</span> <span class='ocrx_word' id='word_1_336' title='bbox 1164 4058 1192 4122; x_wconf 89' lang='lat' dir='ltr'>d.</span> <span class='ocrx_word' id='word_1_337' title='bbox 1207 4056 1314 4122; x_wconf 88' lang='lat' dir='ltr'>XIIII.</span> 
     </span>
     <span class='ocr_line' id='line_1_41' title="bbox 165 4145 1315 4237; baseline -0.009 -17"><span class='ocrx_word' id='word_1_338' title='bbox 165 4153 245 4220; x_wconf 90' lang='lat' dir='ltr'>Kal.</span> <span class='ocrx_word' id='word_1_339' title='bbox 268 4152 337 4217; x_wconf 88' lang='lat' dir='ltr'>Ian.</span> <span class='ocrx_word' id='word_1_340' title='bbox 360 4150 533 4237; x_wconf 73' lang='grc'><strong>(111111.)</strong></span> <span class='ocrx_word' id='word_1_341' title='bbox 557 4151 750 4228; x_wconf 82' lang='lat' dir='ltr'>Lilybaeum</span> <span class='ocrx_word' id='word_1_342' title='bbox 777 4153 969 4233; x_wconf 86' lang='lat' dir='ltr'>pervenerat</span> <span class='ocrx_word' id='word_1_343' title='bbox 998 4155 1030 4214; x_wconf 90' lang='lat' dir='ltr'>et</span> <span class='ocrx_word' id='word_1_344' title='bbox 1057 4171 1084 4213; x_wconf 91' lang='lat' dir='ltr'>a.</span> <span class='ocrx_word' id='word_1_345' title='bbox 1109 4148 1137 4211; x_wconf 93' lang='lat' dir='ltr'>d.</span> <span class='ocrx_word' id='word_1_346' title='bbox 1161 4147 1217 4212; x_wconf 90' lang='lat' dir='ltr'>VI.</span> <span class='ocrx_word' id='word_1_347' title='bbox 1241 4145 1315 4210; x_wconf 88' lang='lat' dir='ltr'>Kal.</span> 
     </span>
     <span class='ocr_line' id='line_1_42' title="bbox 163 4237 1313 4326; baseline -0.01 -16"><span class='ocrx_word' id='word_1_348' title='bbox 163 4245 239 4310; x_wconf 88' lang='lat' dir='ltr'>Ian.</span> <span class='ocrx_word' id='word_1_349' title='bbox 262 4239 439 4326; x_wconf 85' lang='grc'><strong>(25.1)11.)</strong></span> <span class='ocrx_word' id='word_1_350' title='bbox 464 4243 535 4306; x_wconf 84' lang='lat' dir='ltr'>vela</span> <span class='ocrx_word' id='word_1_351' title='bbox 559 4240 647 4304; x_wconf 86' lang='lat' dir='ltr'>dedit</span> <span class='ocrx_word' id='word_1_352' title='bbox 669 4239 703 4303; x_wconf 94' lang='lat' dir='ltr'>in</span> <span class='ocrx_word' id='word_1_353' title='bbox 721 4238 882 4302; x_wconf 85' lang='lat' dir='ltr'>Africam:</span> <span class='ocrx_word' id='word_1_354' title='bbox 905 4238 985 4301; x_wconf 88' lang='lat' dir='ltr'>haec</span> <span class='ocrx_word' id='word_1_355' title='bbox 1008 4260 1043 4301; x_wconf 91' lang='lat' dir='ltr'>re</span> <span class='ocrx_word' id='word_1_356' title='bbox 1067 4237 1200 4300; x_wconf 88' lang='grc'><strong>111111</strong></span> <span class='ocrx_word' id='word_1_357' title='bbox 1226 4257 1313 4300; x_wconf 92' lang='lat' dir='ltr'>men·</span> 
     </span>
     <span class='ocr_line' id='line_1_43' title="bbox 163 4324 1314 4400; baseline -0.01 0"><span class='ocrx_word' id='word_1_358' title='bbox 163 4354 240 4400; x_wconf 90' lang='lat' dir='ltr'>sem</span> <span class='ocrx_word' id='word_1_359' title='bbox 264 4329 440 4395; x_wconf 86' lang='lat' dir='ltr'>Octobrem</span> <span class='ocrx_word' id='word_1_360' title='bbox 464 4333 644 4394; x_wconf 84' lang='lat' dir='ltr'>extremum</span> <span class='ocrx_word' id='word_1_361' title='bbox 668 4326 820 4391; x_wconf 90' lang='lat' dir='ltr'>incidisse</span> <span class='ocrx_word' id='word_1_362' title='bbox 844 4349 882 4390; x_wconf 86' lang='lat' dir='ltr'>ex</span> <span class='ocrx_word' id='word_1_363' title='bbox 910 4326 1036 4391; x_wconf 87' lang='grc'><strong>1111111</strong></span> <span class='ocrx_word' id='word_1_364' title='bbox 1059 4324 1218 4389; x_wconf 87' lang='lat' dir='ltr'>fastorum</span> <span class='ocrx_word' id='word_1_365' title='bbox 1243 4329 1314 4389; x_wconf 89' lang='grc'><strong>1111</strong></span> 
     </span>
    </p>
   </div>
   <div class='ocr_carea' id='block_1_12' title="bbox 162 4413 1313 4593">
    <p class='ocr_par' dir='ltr' id='par_1_13' title="bbox 162 4413 1313 4593">
     <span class='ocr_line' id='line_1_44' title="bbox 162 4413 1313 4504; baseline -0.01 -16"><span class='ocrx_word' id='word_1_366' title='bbox 162 4423 399 4504; x_wconf 86' lang='lat' dir='ltr'>corruptorum</span> <span class='ocrx_word' id='word_1_367' title='bbox 423 4418 596 4504; x_wconf 89' lang='lat' dir='ltr'>colligitur.</span> <span class='ocrx_word' id='word_1_368' title='bbox 633 4417 722 4480; x_wconf 89' lang='lat' dir='ltr'>Idem</span> <span class='ocrx_word' id='word_1_369' title='bbox 741 4419 883 4480; x_wconf 89' lang='lat' dir='ltr'>testatur</span> <span class='ocrx_word' id='word_1_370' title='bbox 901 4414 1013 4480; x_wconf 86' lang='lat' dir='ltr'>Cicero</span> <span class='ocrx_word' id='word_1_371' title='bbox 1033 4415 1072 4479; x_wconf 88' lang='lat' dir='ltr'>de</span> <span class='ocrx_word' id='word_1_372' title='bbox 1092 4413 1238 4496; x_wconf 80' lang='grc'><strong>1111112,</strong></span> <span class='ocrx_word' id='word_1_373' title='bbox 1258 4413 1313 4478; x_wconf 74' lang='grc'>521</span> 
     </span>
     <span class='ocr_line' id='line_1_45' title="bbox 163 4504 1313 4593; baseline -0.007 -19"><span class='ocrx_word' id='word_1_374' title='bbox 163 4510 277 4588; x_wconf 81' lang='lat' dir='ltr'>Quid?</span> <span class='ocrx_word' id='word_1_375' title='bbox 301 4510 370 4593; x_wconf 88' lang='lat' dir='ltr'>ipse</span> <span class='ocrx_word' id='word_1_376' title='bbox 395 4505 526 4592; x_wconf 88' lang='lat' dir='ltr'>Caesar,</span> <span class='ocrx_word' id='word_1_377' title='bbox 555 4527 628 4571; x_wconf 87' lang='lat' dir='ltr'>curn</span> <span class='ocrx_word' id='word_1_378' title='bbox 656 4529 675 4570; x_wconf 89' lang='grc'>1</span> <span class='ocrx_word' id='word_1_379' title='bbox 699 4527 825 4570; x_wconf 90' lang='lat' dir='ltr'>summo</span> <span class='ocrx_word' id='word_1_380' title='bbox 849 4504 1020 4589; x_wconf 87' lang='lat' dir='ltr'>haruspice</span> <span class='ocrx_word' id='word_1_381' title='bbox 1045 4507 1244 4585; x_wconf 89' lang='lat' dir='ltr'>moneretur,</span> <span class='ocrx_word' id='word_1_382' title='bbox 1272 4526 1313 4567; x_wconf 95' lang='lat' dir='ltr'>ne</span> 
     </span>
    </p>
   </div>
   <div class='ocr_carea' id='block_1_13' title="bbox 0 0 1660 5130">
    <p class='ocr_par' dir='ltr' id='par_1_14' title="bbox 0 0 1660 5130">
     <span class='ocr_line' id='line_1_46' title="bbox 0 0 1660 5130; baseline 0 4"><span class='ocrx_word' id='word_1_383' title='bbox 0 0 1660 5130; x_wconf 95' lang='lat' dir='ltr'> </span> 
     </span>
    </p>
   </div>
  </div>
 </body>
</html>
