3312 5130
676 345 753 401 GAP.
772 351 885 402 85-87.
1290 348 1350 412 131

209 511 365 595 oppidum
384 510 562 574 instructos
583 509 765 593 constituit,
787 509 820 573 id
839 509 901 574 hoc
922 510 1070 593 consilio,
1094 512 1122 574 si
1141 516 1254 594 posset
1272 511 1352 576 Ver·

209 600 323 685 gilius,
347 599 466 682 quique
486 621 557 662 cum
583 621 620 662 eo
641 598 886 682 obsidebantur,
910 599 956 663 rei
980 599 1065 663 male
1084 611 1196 684 gestae
1220 623 1352 665 suorum

209 689 330 752 indicio
351 711 370 751 a
387 688 567 772 pertinacia
586 687 708 752 deduci.
742 687 864 752 Deinde
884 689 954 772 ipse
972 687 1156 773 Vergilium
1176 691 1353 773 appellavit
1373 719 1388 764 2

208 778 424 860 invitavitque
448 778 488 841 ad
512 776 708 840 deditionem
733 798 888 860 suamque
908 776 1076 841 lenitatem
1096 782 1128 841 et
1146 779 1353 842 clementiam

172 867 486 931 acommemoravit.
547 865 651 941 Quem
682 870 858 949 postquam
896 866 1124 930 animadvertit
1160 889 1353 950 responsum

211 955 274 1019 sibi
301 976 366 1019 non
398 955 487 1037 dare,
520 954 561 1017 ab
590 951 709 1037 oppido
738 954 895 1018 discessit.
946 954 1082 1019 Postero
1112 955 1162 1019 die
1185 956 1295 1022 divina
1317 978 1387 1032 re3

210 1045 298 1108 facta
325 1043 476 1108 contione
504 1042 663 1107 advocata
695 1043 730 1106 in
762 1046 937 1126 conspectu
966 1044 1201 1128 oppidanorum
1231 1045 1352 1110 milites

211 1132 387 1197 conlaudat
413 1136 583 1215 totumque
613 1131 793 1196 exercitum
816 1136 1003 1196 veteranum
1032 1133 1178 1216 donavit,
1209 1135 1355 1218 praemia
1440 1172 1445 1174 -

211 1221 396 1286 fortissimo
420 1221 534 1305 cuique
559 1243 596 1285 ac
620 1221 700 1284 bene
724 1221 860 1285 merenti
888 1243 947 1304 pro
976 1226 1133 1306 suggestu
1160 1223 1291 1308 tribuit,
1319 1245 1356 1286 ac

155 1328 190 1376 10
211 1310 325 1374 statim
339 1311 412 1374 inde
433 1310 625 1395 [digressus]
645 1308 760 1374 Rebilo
779 1310 973 1394 proconsule
988 1333 1060 1374 cum
1076 1328 1114 1375 111
1134 1311 1174 1374 ad
1188 1311 1355 1395 Thapsum

210 1399 396 1483 legionibus
421 1403 453 1463 et
477 1401 534 1462 Un.
554 1398 700 1464 Domitio
724 1420 797 1465 cum
821 1399 945 1463 duabus
965 1398 1146 1483 Thysdrae,
1169 1400 1225 1463 ubi
1245 1401 1355 1466 (tonsi-

211 1488 283 1552 dius
316 1492 479 1572 praeerat,
513 1487 552 1551 ad
581 1487 791 1552 obsidendum
820 1489 955 1572 relictis,
988 1488 1030 1552 M.
1055 1487 1197 1553 Messala
1224 1489 1355 1555 Uticam

212 1581 288 1640 ante
303 1577 481 1660 praemisso
501 1598 574 1640 cum
589 1577 751 1661 equitatu,
770 1577 840 1659 ipse
855 1577 968 1641 eodem
983 1579 1044 1641 iter
1058 1577 1164 1642 iacere
1179 1579 1355 1643 contendit.

301 1665 359 1730 87.
392 1665 530 1750 Equites
555 1667 685 1729 interim
710 1663 886 1749 Scipionis,
910 1667 964 1749 qui
985 1689 1023 1730 ex
1046 1668 1169 1749 proelio
1193 1667 1354 1752 fugerant,
1376 1698 1388 1745 1

152 1773 285 1821 13011111
316 1755 446 1820 Uticam
481 1777 589 1818 versus
621 1753 685 1818 iter
716 1753 871 1838 iacerent,
903 1755 1097 1837 perveniunt
1131 1755 1172 1819 ad
1200 1757 1355 1840 oppidum

208 1844 362 1908 Paradae.
408 1843 474 1908 Ubi
502 1866 575 1907 cum
604 1844 644 1907 ab
672 1844 787 1907 incolis
814 1865 879 1907 non
908 1844 1139 1929 reciperentur,
1167 1845 1239 1909 ideo
1269 1845 1390 1930 quoda

209 1933 299 1998 fama
322 1935 360 1998 de
384 1933 520 1998 victoria
549 1929 698 1997 Caesaris
722 1933 968 2018 praecurrisset,
998 1933 1029 1998 vi
1057 1933 1176 2018 oppido
1199 1935 1298 2018 potiti
1321 1934 1356 1997 in

301 2169 316 2216 3
335 2163 427 2233 ipsum
447 2162 473 2214 L
492 2164 500 2232 ΙΙ
520 2168 537 2215 4
554 2161 740 2230 incitavitquo
759 2161 785 2213 L
799 2163 808 2230 ΙΙ
827 2179 905 2216 suam
923 2163 951 2216 L
971 2164 980 2230 ]
998 2168 1014 2216 8
1033 2165 1228 2218 veteranorum
1243 2163 1329 2218 AD&

208 2233 343 2304 praemiis
368 2235 426 2298 Vs;
454 2234 581 2302 praemia
604 2249 637 2287 ac
655 2234 712 2288 cod.
737 2232 828 2289 Ursia.
852 2235 861 2301 ΙΙ
891 2240 924 2287 10
942 2233 1128 2305 *[digressus]
1148 2237 1212 2290 incl.
1232 2235 1329 2290 Nocet

179 2344 182 2349 -
210 2312 243 2358 ll
266 2305 426 2373 legionibus
445 2305 481 2358 ad
496 2306 640 2374 Thapsum
654 2305 720 2368 Dd;
739 2305 775 2358 ad
795 2305 936 2372 Thapsum
956 2306 1118 2360 cohortibus
1132 2307 1175 2372 Α,
1194 2306 1355 2360 cohortibus

208 2377 247 2430 ad
274 2377 418 2446 Thapsum
444 2376 472 2429 L
503 2379 513 2444 ]
542 2381 574 2428 15
605 2377 795 2444 pervenerunt
827 2377 850 2428 V
876 2377 885 2444 ΙΙ
918 2382 950 2429 16
976 2376 1122 2430 *Paradae
1151 2379 1190 2442 0,·
1218 2378 1354 2430 Paradam

208 2447 412 2517 Nipperdea'as,
431 2449 507 2502 editt.
523 2449 532 2518 ΙΙ
548 2452 579 2502 17
599 2446 820 2516 *praecurrisset
838 2447 934 2512 Lon
955 2448 1191 2516 praecucurrisset
1209 2447 1236 2501 R

207 2678 362 2747 participia
380 2681 554 2733 concurrant.
581 2710 616 2719 -
645 2681 780 2734 fidicina
797 2682 838 2750 ra]
858 2678 887 2732 id
907 2680 950 2732 est
968 2678 1061 2734 sacris.
1098 2678 1189 2732 Plaut.
1209 2679 1309 2749 Amph.
1330 2687 1355 2747 3,

208 2754 285 2817 3,11
306 2765 358 2819 ego
377 2766 436 2803 rem
454 2751 576 2805 divinam
596 2752 673 2805 intus
692 2750 802 2805 faciam.
836 2752 898 2805 Ter.
918 2751 988 2803 Eun.
1004 2755 1064 2804 513.
1084 2750 1154 2804 Cato
1171 2770 1192 2804 r.
1207 2756 1274 2804 rust.
1290 2755 1315 2818 ὅ,
1330 2757 1354 2804 4.

208 2819 271 2874 Lis.
285 2826 328 2888 23,
346 2827 387 2889 11,
402 2827 431 2886 5;
451 2823 630 2891 opponuntur
648 2823 733 2876 verba
751 2822 847 2876 divina
866 2827 981 2890 (preces,
1001 2820 1150 2890 carmina),
1168 2820 1227 2876 Cat.
1248 2839 1269 2876 r.
1288 2828 1355 2876 rust.

211 2897 286 2959 14,3
306 2891 340 2946 de
359 2909 393 2946 ea
411 2910 440 2945 re
459 2894 545 2947 verba
558 2892 654 2946 divina
673 2893 714 2946 uti
733 2893 808 2947 liant.
835 2923 868 2932 -
892 2900 908 2947 8
927 2894 1074 2947 sanatam
1086 2894 1255 2963 veteranam]
1274 2898 1354 2959 71,1.

208 2965 235 3016 b.
257 2963 371 3029 Α1011.4,
384 2970 405 3018 1.
423 2969 499 3030 74,3.
520 2995 554 3002 -
575 2969 607 3015 10
627 2964 735 3034 Rebilo]
754 2962 782 3018 (l.
802 2963 918 3018 Caninio
933 2963 1041 3018 Rebilo.
1080 2966 1201 3034 Legatus
1221 2965 1245 3018 is
1264 2965 1357 3018 fuerat

206 3033 338 3088 Caesaris
356 3035 385 3087 in
405 3034 499 3088 Gallia
518 3037 628 3102 (comm.
645 3035 722 3090 1137
739 3037 818 3104 018),
839 3052 911 3088 anno
930 3041 964 3088 40
983 3034 1062 3104 pacis
1081 3053 1145 3090 cum
1163 3036 1296 3105 Pompeio
1315 3034 1356 3089 fa·

207 3105 327 3158 ciendae
339 3104 475 3175 interpres
487 3107 563 3175 (126,
574 3110 609 3174 3),
625 3109 721 3173 postea
731 3105 857 3161 Curionis
871 3108 900 3160 in
911 3105 1006 3161 Africa
1018 3108 1127 3176 legatus
1140 3107 1218 3173 (ibid.
1230 3107 1253 3159 11
1265 3112 1308 3175 24,
1319 3110 1356 3176 2),

207 3193 296 3243 quem
316 3194 448 3246 magnum
467 3176 496 3230 in
515 3195 545 3231 re
564 3175 680 3230 militari
699 3194 778 3230 usum
799 3176 903 3232 habere
923 3179 1070 3232 constabat
1085 3179 1163 3248 (ibid.
1177 3178 1203 3231 11
1218 3186 1259 3245 34,
1274 3182 1357 3242 4).-

200 3248 387 3318 proconsale]
415 3248 443 3301 id
471 3250 513 3302 est
540 3250 721 3317 propraetore
744 3247 861 3318 imperio
890 3249 1093 3318 proconsulari:
1123 3251 1157 3304 cf.
1181 3250 1216 3304 ad
1242 3256 1270 3317 2,
1291 3256 1306 3303 3
1329 3251 1358 3302 et

192 3325 255 3384 ·80,
270 3324 295 3373 4.
316 3349 348 3357 —-
370 3324 401 3371 11
422 3319 472 3374 Oa.
490 3319 627 3389 Domitio]
647 3319 777 3387 Calvino,
795 3319 856 3374 viro
875 3320 1015 3388 praetorio
1035 3323 1064 3373 et
1083 3322 1234 3386 consulari,
1259 3320 1357 3389 quiin

207 3406 307 3460 pugna
325 3390 486 3444 Pharsalica
506 3392 613 3444 mediae
633 3390 705 3445 aciei
722 3391 884 3459 praefuerat
899 3390 986 3461 (Caes.
1002 3391 1041 3444 111
1055 3397 1097 3453 89,
1108 3393 1143 3460 3).
1175 3394 1199 3445 A
1214 3391 1357 3445 Pharnace

207 3461 287 3528 apud
306 3459 467 3530 Nicopolim
487 3461 614 3516 devictus
634 3463 671 3530 (b.
691 3461 769 3516 Alex.
785 3469 819 3515 34
830 3466 901 3531 sqq.)
919 3463 961 3516 ita
980 3462 1106 3516 Caesaris
1132 3461 1357 3517 benevolentiam

206 3531 337 3598 retinuit,
357 3532 491 3586 strabus
512 3531 594 3587 Asiae
613 3534 774 3587 ordinandis
793 3534 1018 3602 praeponeretur.
1055 3533 1136 3586 Anno
1156 3540 1190 3587 40
1209 3536 1275 3586 ante
1294 3531 1356 3586 Chr.

208 3601 366 3656 secundum
385 3604 560 3657 consulatum
577 3603 667 3673 gessit
684 3621 740 3658 una
754 3621 818 3658 cum
833 3605 930 3658 Asinio
944 3604 1068 3672 Polione,
1087 3612 1116 3658 et
1134 3619 1197 3658 cum
1211 3605 1241 3658 in
1255 3604 1356 3672 Hispa-

206 3676 259 3728 nia
272 3691 405 3742 prospere
419 3678 580 3743 pugnasset,
598 3675 771 3744 triumphum
787 3676 853 3744 egit.
887 3676 941 3729 Dio
956 3675 1030 3730 Cass.
1045 3682 1088 3743 48,
1104 3683 1145 3732 42,
1161 3708 1195 3715 -
1217 3676 1358 3746 Thpsdraa

207 3746 324 3813 relictis]
340 3746 497 3814 Thysdram
512 3747 595 3800 misso
611 3750 640 3801 et
653 3748 693 3800 ibi
708 3747 743 3800 ad
758 3747 941 3801 obsidendum
956 3746 1090 3816 oppidum
1106 3747 1212 3801 relicto.
1233 3749 1266 3801 ci.
1278 3752 1321 3814 93,
1332 3752 1355 3798 3.

209 3848 246 3858 —-
272 3821 305 3869 12
326 3818 369 3870 M.
394 3817 527 3888 Messala]
553 3818 740 3885 01011282.
768 3850 803 3859 -
837 3818 955 3888 Uticam]
981 3818 1034 3883 Qui
1058 3819 1132 3871 cladi
1156 3817 1357 3888 superfuerant,

206 3887 338 3958 plerique
358 3888 393 3941 ad
412 3889 449 3942 M.
470 3887 603 3942 Catonem
622 3888 829 3959 profugiebant.
863 3889 915 3942 Dio
935 3882 1009 3943 Cass.
1030 3894 1221 3958 4³,1c,1.-
1242 3896 1274 3942 13
1294 3895 1358 3942 ante

203 3958 371 4029 praemisso]
392 3963 541 4027 antequam
556 3960 616 4028 ipse
634 3960 742 4015 Uticam
757 3960 987 4030 proficisceretur.
1004 3990 1038 4001 -
1052 3961 1122 4032 ipse]
1143 3977 1205 4013 cum
1225 3961 1358 4027 quattuor

209 4031 258 4086 vel
277 4028 399 4154 qrplilnque
418 4032 588 4100 legionibus,
607 4032 630 4086 si
650 4031 764 4100 quidem
782 4031 929 4101 praesidiis
948 4031 1103 4101 Ruspinae,
1123 4032 1206 4101 Lepti
1226 4048 1280 4085 non
1299 4031 1357 4084 iam

209 4119 227 4156 o
251 4117 284 4155 us
333 4099 364 4155 it.

229 4119 249 4170 p
302 4171 350 4227 87.
380 4178 412 4227 15
431 4175 562 4242 oppidum
579 4175 720 4242 Paradae]
741 4174 774 4229 cf.
795 4174 831 4227 ad
844 4181 886 4240 36,
897 4180 921 4227 2.
951 4174 1051 4229 Strabo
1070 4192 1097 4242 p.
1112 4178 1163 4227 831
1176 4176 1243 4226 extr.
1261 4168 1358 4242 Φαρὰν

208 4241 391 4313 (capessas)
417 4243 444 4297 δ’
471 4242 501 4298 oi
521 4245 680 4308 Σκιπίωνος
706 4239 800 4306 ἱππεῖς
825 4241 992 4313 ἐνέπρησαν.
1031 4244 1126 4300 ‘Uette
1148 4244 1216 4298 ville
1240 4245 1285 4298 n'a
1308 4261 1359 4312 pas

208 4331 311 4370 encore
331 4316 553 4381 3311οο1100,
578 4334 614 4371 on
638 4333 667 4371 se
687 4315 825 4370 demanda
844 4317 868 4369 si
885 4315 1096 4385 l'ortbographe
1120 4316 1228 4370 donnae
1247 4317 1358 4385 parles

208 4386 379 4440 manuscrits
398 4389 471 4442 n'est
487 4405 539 4456 pas
553 4387 681 4442 factive’
716 4386 929 4441 810110111282.
959 4388 1053 4440 Tissot
1068 4387 1093 4440 ΙΙ
1105 4393 1165 4440 767.
1180 4418 1214 4427 -
1230 4392 1262 4442 17
1276 4405 1359 4456 prae-

207 4458 352 4529 currisset]
372 4459 406 4514 01.
426 4459 462 4513 ad
481 4465 524 4526 85,
539 4467 563 4514 7.

1111 4549 1147 4606 9111
