3292 5132
661 356 879 417 PRAEFATIO.
1255 362 1345 419 XXIX

289 524 421 590 Tacitus
451 525 526 589 dial.
549 525 591 588 21
623 523 715 608 quasi
744 545 899 588 revocans
930 525 1126 589 sententiam
1158 526 1196 590 de
1226 527 1343 610 Appiis

197 612 422 698 Meneniisque
441 636 539 698 supra
558 612 718 696 prolatam
738 612 819 677 haec
839 612 877 675 de
896 612 1009 677 Asinio
1030 613 1132 678 addit:
1157 614 1344 681 ‘Pacuvium

199 706 288 766 certe
308 706 341 766 εὴ
360 705 494 767 Accium
517 719 584 767 non
603 701 708 765 solum
730 701 765 764 in
787 701 975 786 tragoediis,
994 702 1169 768 sedetiam
1189 705 1345 770 orationi-

199 792 260 855 bus
285 792 352 856 suis
376 789 561 875 expressit'
607 789 771 854 Nimirum
799 811 871 854 cum
895 812 979 855 anno
1009 791 1342 878 undequadragesimo

200 902 235 944 se
262 881 458 945 removisset
488 903 508 945 a
537 878 677 964 negotiis
705 878 845 963 publicis
876 882 1046 963 totumque
1076 880 1196 945 litteris
1228 905 1261 946 se
1292 885 1343 946 de-

199 969 311 1054 disset,
334 970 475 1053 primum
497 966 684 1053 tragoedias
708 967 848 1032 scribere
872 969 980 1053 coepit
999 967 1111 1054 (Verg.
1130 971 1232 1054 eclog.
1251 973 1343 1054 8,10.

199 1056 279 1122 Hor.
304 1053 573 1143 sat.1,10,42);
605 1057 714 1120 decern
747 1056 839 1120 annis
872 1055 939 1120 fers
971 1061 1047 1142 post
1079 1059 1140 1122 hoc
1172 1081 1268 1142 opere
1302 1061 1343 1124 ad

197 1150 327 1231 tempus
356 1147 499 1232 seposito
524 1143 618 1231 (Hor.
643 1167 738 1209 carm.
761 1147 796 1228 2,
818 1146 849 1229 1,
869 1142 905 1230 9)
933 1145 1088 1211 historias
1117 1148 1257 1213 scribere
1286 1171 1343 1235 ag-

199 1257 330 1320 gressus
363 1242 423 1300 est.
472 1235 574 1317 Hinc,
606 1255 664 1298 our
695 1238 728 1297 et
760 1235 921 1299 orationes
955 1239 988 1298 et
1021 1235 1233 1302 historiarum
1265 1239 1342 1302 libri

196 1325 394 1407 poeticum
425 1324 587 1409 quoddam
614 1322 824 1408 spiraverint,
855 1322 1010 1388 facillime
1040 1324 1233 1410 explicatur,
1264 1329 1342 1411 quin

199 1412 300 1477 etiam
328 1414 396 1479 eius
419 1413 622 1478 orationibus
645 1412 831 1497 frequentes
854 1412 994 1477 insertos
1018 1433 1089 1477 esse
1112 1436 1224 1479 versus
1246 1415 1342 1499 Enni,

197 1500 292 1584 Acci,
315 1503 448 1585 Pacuvi,
471 1501 588 1585 Lucili,
611 1501 757 1584 Terenti,
780 1497 900 1565 Caecili
924 1504 957 1564 et
985 1501 1124 1567 aliorum
1151 1507 1265 1568 auctor
1292 1508 1342 1568 est

198 1591 423 1667 Quintilianus
448 1592 535 1675 1,8,
556 1591 606 1655 11.
659 1589 760 1654 Paulo
792 1589 890 1654 aliter
921 1595 1031 1654 tamen
1063 1592 1270 1658 statuendum
1305 1593 1344 1657 de

197 1680 285 1745 bello
308 1679 435 1745 Africo:
457 1702 533 1744 nam
557 1701 660 1763 neque
680 1679 905 1743 commentarii
927 1679 1010 1743 ratio
1035 1701 1073 1744 ea
1096 1683 1155 1764 est,
1179 1686 1214 1746 ut
1238 1683 1343 1746 oratio

198 1768 299 1833 altius
322 1773 487 1853 assurgat,
516 1772 548 1832 et
575 1769 641 1853 hio,
669 1790 765 1852 quem
788 1767 959 1851 edidimus,
989 1768 1073 1831 liber
1100 1768 1227 1854 aliquot
1250 1772 1343 1836 annis

197 1861 374 1941 antequam
405 1855 540 1923 Asinius
579 1857 619 1921 ad
650 1856 838 1940 tragoedias
871 1856 1078 1942 accessisset,
1111 1861 1252 1944 scriptus
1285 1864 1343 1925 est.

197 1945 403 2032 Quamquam
425 1947 478 2011 vel
497 1946 553 2030 sic,
577 1967 639 2030 quo
663 1946 763 2010 fuerit
783 1948 897 2010 auctor
919 1945 1064 2031 ingenio,
1089 1947 1170 2013 satis
1194 1953 1343 2034 apparet;

196 2058 276 2100 nam
308 2039 345 2100 ut
361 2036 483 2121 ,prisca
513 2035 672 2120 quaedam
694 2035 853 2101 vocabula
881 2034 1036 2113 eminent,
1068 2035 1116 2100 ita
1148 2036 1236 2101 haud
1267 2060 1342 2104 raro

197 2144 359 2208 agnoscas
377 2125 544 2191 hominem
563 2128 732 2208 poetarum
754 2125 892 2189 lectione
915 2124 1086 2188 imbutum.
1128 2124 1281 2192 ‘Laetitia
1304 2150 1341 2192 ac

196 2216 369 2297 voluptate
392 2213 524 2280 auctus'
547 2214 600 2297 34,
619 2214 639 2278 6
666 2236 733 2279 non
761 2214 868 2278 solum
896 2235 916 2277 a
939 2210 1104 2278 Ciceronis
1129 2212 1341 2300 Caesarisque

197 2302 347 2367 oratione
370 2303 512 2368 alienum
536 2306 599 2385 est,
621 2302 679 2367 sed
702 2302 843 2387 scriptor
866 2302 907 2366 ad
931 2303 1063 2367 verbum
1087 2306 1249 2388 expressit
1272 2328 1341 2370 ver·

197 2414 271 2456 sum
294 2392 410 2458 incerti
433 2391 600 2457 cuiusdam
622 2394 738 2475 poetae
766 2391 895 2475 comici,
921 2396 959 2456 ut
985 2395 1117 2476 putant,
1145 2415 1165 2456 a
1189 2391 1341 2460 Cicerone

197 2482 253 2545 fin.
277 2481 369 2564 2,14
392 2482 573 2546 laudatum:

363 2569 469 2635 Tanta
491 2569 619 2634 laetitia
642 2571 747 2634 auctu’
772 2592 859 2650 sum,
880 2572 917 2633 ut
940 2569 1023 2633 nihil
1046 2573 1181 2634 constet.

195 2658 420 2743 Errabundus,
443 2659 589 2742 turritus,
612 2659 717 2743 pulvis
736 2662 833 2723 vento
852 2658 958 2741 flatus,
977 2658 1117 2741 percitus
1135 2659 1193 2743 ira,
1213 2662 1340 2726 concita

195 2748 265 2812 tela
289 2747 345 2832 (=
365 2747 482 2813 Accius
506 2746 600 2834 545),
626 2748 757 2812 nimbus
785 2769 858 2812 curn
886 2769 984 2812 saxea
1007 2747 1164 2832 grandine
1188 2749 1267 2814 adeo
1291 2772 1339 2814 re·

196 2841 289 2902 mota
307 2840 383 2902 sunt
403 2860 422 2902 a
440 2837 546 2921 plebei
565 2837 706 2901 hominis
724 2836 874 2920 dictione,
893 2840 930 2900 ut
948 2837 1139 2920 scriptorem
1153 2837 1340 2904 litterarum

195 2926 373 2991 latinarum
395 2926 495 2990 fuisse
515 2925 748 3009 peritissimum
766 2949 833 2991 non
851 2927 1013 3010 possimus
1032 2948 1098 2991 non
1118 2931 1269 2992 statuere.
1306 2926 1340 2992 Si

196 3015 269 3099 quis
299 3019 408 3080 autem
436 3016 544 3080 locum
568 3016 598 3081 b.
622 3014 692 3081 Afr.
716 3016 757 3080 11
764 3015 811 3099 ‚3
840 3037 880 3079 ne
909 3013 1037 3102 (naves)
1067 3016 1277 3099 inprudentes
1305 3017 1340 3082 in

195 3105 334 3169 classem
372 3104 630 3170 adversariorum
666 3104 846 3169 inciderent
883 3125 956 3169 cum
994 3102 1133 3168 Caesare
1172 3106 1245 3169 bell.
1280 3106 1339 3171 civ.

196 3194 371 3277 3‚112,3
402 3193 519 3258 ‘naves
549 3193 766 3277 imprudentia
799 3196 855 3257 aut
886 3196 1081 3277 tempestate
1113 3194 1247 3276 paulum
1282 3217 1339 3261 suo

197 3303 293 3347 cursu
318 3281 540 3348 decesserunt'
571 3283 752 3365 comparari
779 3303 875 3367 posse
899 3281 996 3365 dicat,
1024 3282 1086 3347 hoc
1111 3281 1219 3366 ipsum
1243 3291 1340 3367 caput

200 3394 221 3436 a
245 3371 377 3437 Polione
401 3375 614 3437 retractatum
639 3392 709 3437 esse
729 3371 838 3436 docuit
855 3370 1024 3456 Landgraf
1042 3394 1073 3455 p.
1093 3372 1145 3435 82.
1186 3370 1343 3437 Similiter

202 3460 245 3526 ad
263 3465 433 3544 poetarum
452 3483 634 3526 sermonem
652 3459 819 3524 referenda
840 3460 901 3542 1„1
920 3459 1037 3524 fluctus
1056 3460 1205 3524 verberat
1222 3458 1343 3544 (litus),

201 3551 232 3633 1,
251 3550 273 3613 2
296 3550 332 3613 in
353 3550 465 3633 horas;
490 3552 519 3630 7,
538 3552 558 3615 3
581 3550 723 3614 incertus
746 3549 905 3633 locorum,
928 3552 1017 3612 terra
1039 3548 1161 3630 Africa,
1183 3549 1261 3612 urbs
1280 3549 1343 3616 ltc-

200 3660 314 3722 mana3
341 3639 394 3722 56,
413 3641 434 3704 3
458 3637 630 3704 Caesarem
653 3660 720 3703 non
742 3638 868 3702 latebat
891 3640 948 3721 (ε
966 3638 1081 3702 fallere
1104 3637 1156 3719 80,
1174 3635 1223 3724 2);
1248 3640 1342 3723 25,4
1413 3705 1415 3712 ,

199 3749 305 3882 llll
322 3723 927 3903 adiuti?&hillidii-³22³
943 3727 1341 3881 ..illludllt'alllelle

198 3867 330 3987 enisus,
362 3868 518 3991 dppidum
549 3869 702 3971 Paiadae.
757 3905 806 3970 De
837 3840 941 3969 liinisp
955 3865 1141 3969 nominibus
1172 3841 1341 3989 particiilis

195 4016 274 4079 ·que
296 4015 371 4078 -que
395 3995 575 4060 coniunctis
603 4017 655 4059 res
681 3996 753 4060 ideo
777 3996 900 4059 incerta
927 3998 989 4075 est,
1018 3993 1093 4077 quia
1116 3994 1168 4076 20,
1188 3996 1216 4059 3.
1246 3994 1338 4072 87,5

195 4083 314 4168 optimi
333 4084 459 4149 codices
478 4107 544 4151 non
562 4084 648 4149 inter
667 4106 701 4148 se
721 4084 934 4148 consentiunt.
972 4080 1021 4146 Cf.
1042 4082 1082 4147 ad
1102 4082 1185 4164 724
1204 4079 1280 4166 (quc
1294 4119 1338 4128 -

194 4171 255 4258 et).
304 4171 452 4258 Denique
484 4176 649 4238 auctorem
682 4171 920 4255 commentarii,
953 4193 1026 4236 cum
1059 4170 1214 4234 scriberet
1241 4171 1337 4256 52,2

194 4261 385 4327 Caesariani
414 4284 587 4346 parumper
617 4266 795 4344 cesserunt,
828 4282 866 4324 eo
899 4260 1004 4343 magis
1033 4258 1132 4322 Ennii
1162 4281 1338 4325 memorem

193 4350 297 4415 fuisse
316 4352 515 4435 crediderim,
538 4351 615 4435 quia
634 4349 766 4416 Caesari
784 4353 818 4413 et
835 4347 946 4413 Hirtio
969 4369 1143 4431 parumper
1163 4369 1229 4413 non
1247 4372 1339 4415 usur·

194 4443 321 4526 patum,
339 4445 453 4506 contra
472 4439 666 4526 aliquotiens
679 4438 857 4532 ‘paulatim
876 4437 997 4523 cedere,
1016 4436 1189 4523 excedere’,
1210 4438 1336 4506 similia.
