3292 5132
290 331 405 391 XXXIV
756 331 972 388 PRAEFATIO.

290 498 533 566 commentariis
548 497 792 583 perscribendas
808 498 1001 581 susciperet:
1016 496 1140 561 scilicet
1150 518 1169 560 a
1180 495 1297 581 legatis
1307 497 1436 580 petivit,

290 594 327 656 ut
356 589 420 654 sibi
447 610 555 652 rerum
588 591 755 672 gestarum
787 587 1024 670 expositionem
1052 584 1232 670 mitterent,
1260 585 1347 650 inter
1379 608 1435 650 eos

291 683 413 762 autem,
446 677 501 761 qui
532 675 665 741 Caesari
696 676 835 760 proximi
868 679 900 738 et
926 675 1005 739 belli
1033 674 1209 759 participes
1240 674 1371 740 fuerant
1403 681 1437 740 et

292 767 451 833 scribendi
488 766 642 830 facultate
675 765 875 847 eminebant,
906 764 1088 848 principem
1120 763 1228 828 locum
1266 765 1436 830 obtinebat

291 857 425 924 Asinius
458 854 559 921 Polio.
610 854 830 919 Utilissimam
863 851 995 917 Caesari
1025 875 1158 938 operam
1191 854 1244 918 vel
1276 852 1360 920 hanc
1394 856 1436 919 ob
1484 858 1486 862 ’

292 968 422 1012 causam
453 945 657 1029 praestabat,
685 943 762 1026 quia
793 943 898 1006 tribus
932 943 1025 1006 annis
1062 946 1137 1006 ante
1169 939 1319 1008 Curionis
1352 943 1436 1008 cladi

292 1036 472 1120 implicitus
494 1055 559 1098 non
585 1033 692 1096 solum
714 1030 844 1097 Africae
869 1031 976 1114 situm,
1000 1031 1173 1096 sedetiam
1196 1031 1365 1096 hominum
1388 1033 1437 1096 iu·

293 1125 389 1211 genia
412 1144 583 1206 moresque
607 1125 813 1208 cognoverat.

381 1213 429 1277 Ac
447 1211 548 1276 talem
567 1210 682 1294 fuisse,
705 1209 850 1294 quisquis
871 1208 909 1272 de
928 1208 1017 1273 bello
1036 1209 1148 1274 Africo
1168 1212 1434 1275 commentarium

292 1301 498 1385 conscripsit,
525 1301 637 1384 utique
664 1321 796 1364 necesse
824 1303 882 1362 est.
927 1297 1004 1362 Fuit
1032 1297 1118 1362 enim
1145 1297 1245 1364 homo
1273 1300 1435 1383 militaris,

292 1396 348 1477 qui
379 1413 445 1455 non
478 1390 583 1455 solum
616 1388 741 1473 proelia
771 1387 968 1472 peritissime
1001 1387 1210 1467 describeret,
1247 1389 1303 1452 sed
1336 1389 1433 1454 etiarn

292 1486 475 1564 temporum
500 1478 620 1563 spatia,
648 1479 793 1543 locorum
821 1477 994 1542 intervalla
1022 1476 1263 1542 accuratissime
1286 1478 1436 1564 referret,

291 1592 396 1654 neque
420 1568 525 1633 solum
549 1569 646 1632 rebus
666 1567 766 1652 gestis
789 1567 859 1650 ipse
878 1565 1039 1651 interfuit,
1064 1565 1237 1630 sedetiam
1257 1589 1321 1651 quo
1340 1590 1435 1652 quae-

293 1682 355 1743 que
375 1657 510 1723 consilio
530 1656 660 1720 fecisset
679 1655 799 1721 Caesar
818 1655 883 1739 (31,
898 1657 927 1719 9.
945 1653 1013 1739 10),
1034 1677 1097 1740 quo
1116 1655 1232 1720 fuisset
1251 1661 1308 1720 aut
1326 1659 1435 1722 animo

295 1751 351 1812 aut
375 1747 520 1832 corporis
543 1745 659 1810 habitu
689 1743 754 1831 (10,
774 1746 803 1809 3.
828 1746 879 1827 34,
898 1740 947 1831 6),
977 1766 1057 1828 quas
1081 1765 1176 1808 voces
1199 1745 1328 1810 iecisset
1349 1746 1437 1810 inter

271 1837 415 1916 ,amicos
442 1833 536 1922 (85.
564 1836 617 1918 26,
635 1830 686 1921 4),
714 1855 796 1918 quae
825 1837 858 1898 et
886 1833 1046 1918 quomodo
1074 1833 1265 1919 imperasset
1294 1836 1438 1920 specula-

292 1927 418 1990 toribus
439 1928 495 1990 888
513 1923 637 1988 nuntiis
660 1921 706 2011 (8,
724 1925 755 1988 4.
784 1924 836 2006 31,
854 1919 891 2009 4)
914 1928 1056 1988 noverat.
1093 1922 1183 1987 Idem
1206 1945 1284 1989 vero
1303 1925 1437 1989 Caesari

293 2017 340 2079 ita
363 2015 506 2099 favebat,
534 2017 571 2077 ut
598 2035 671 2077 eum
700 2036 719 2076 a
741 2011 1045 2095 reprehensionibus
1068 2012 1236 2076 homiuum
1260 2014 1437 2078 malevolo-

293 2126 378 2168 rum-
394 2102 580 2170 defenderet
607 2100 652 2188 (3,
672 2100 708 2188 4)
737 2101 1004 2186 clementiamque
1032 2101 1161 2165 efferret
1191 2099 1258 2187 (92,
1277 2104 1306 2167 4.
1335 2103 1387 2187 89,
1405 2103 1436 2168 5.

294 2194 346 2279 85,
365 2190 415 2281 9),
443 2193 504 2257 hac
533 2214 567 2256 re
595 2194 724 2255 tantum
753 2192 793 2256 ab
821 2213 858 2255 eo
887 2190 1093 2274 dissentiens,
1122 2191 1209 2274 quod
1236 2191 1275 2255 de
1303 2189 1436 2257 Catonis

295 2280 459 2346 Uticensis
487 2281 637 2345 laudibus
654 2279 750 2348 nihil
779 2280 919 2344 detraxit
944 2277 1016 2366 (88,
1034 2275 1079 2366 5).
1124 2279 1155 2343 A
1182 2281 1326 2363 partium
1349 2283 1436 2346 eninr

296 2371 402 2436 studio
433 2370 512 2435 adeo
543 2369 606 2434 fuit
637 2370 777 2452 alienus,
809 2374 858 2453 ut,
891 2390 963 2433 cum
995 2368 1050 2432 alii
1081 2369 1255 2452 scriptores
1284 2392 1437 2435 numeros

295 2460 463 2526 caesorum
490 2461 523 2523 in
551 2459 655 2523 maius
684 2463 855 2542 augerent,
886 2458 921 2521 in
949 2458 1016 2522 acie
1043 2457 1232 2522 Pharsalica
1260 2481 1316 2523 sex
1345 2459 1437 2524 milia

293 2549 580 2634 Pompeianorum,
609 2547 695 2633 apud
722 2547 887 2632 Thapsum
918 2547 1026 2610 decem
1054 2547 1162 2612 occisa
1189 2569 1258 2612 esse
1282 2548 1436 2614 traderet.

292 2637 492 2705 Plutones.
521 2639 573 2703 46.
618 2636 730 2722 Pomp.
759 2638 810 2701 72.
855 2635 993 2720 Appian.
1021 2635 1052 2700 b.
1076 2636 1135 2701 cir.
1158 2638 1193 2719 2,
1212 2638 1262 2702 82.
1309 2639 1339 2703 b.
1367 2638 1437 2704 Afr.

295 2730 385 2802 86,1
411 2750 484 2792 cum
508 2727 615 2791 adnot.
634 2725 782 2811 Append.
805 2749 835 2809 p.
858 2726 929 2790 155.
962 2724 1064 2800 Quem
1082 2726 1171 2790 vitae
1189 2726 1438 2812 integerrimum

292 2817 393 2882 fuisse
413 2817 607 2898 accepimus,
631 2815 766 2879 eundem
786 2814 919 2879 deorum
938 2836 1065 2899 quoque
1085 2837 1312 2900 sacrorumque
1330 2817 1436 2901 piissi-

294 2928 382 2970 mum
406 2905 507 2969 fuisse
531 2905 688 2969 cultorem
713 2904 903 2968 sumendum
931 2908 990 2970 est.
1035 2904 1083 2969 Ac
1112 2909 1197 2969 certe
1221 2905 1281 2969 tali
1303 2905 1436 2992 ingenio

292 2995 369 3078 fuit,
397 2994 454 3078 qui
478 3017 526 3078 ep.
548 2995 601 3080 47,
621 2994 640 3057 6
669 2993 808 3077 pilorum
836 2993 1022 3078 prodigium
1047 2994 1187 3079 rettulit,
1218 2996 1438 3080 ’18288888-

292 3083 405 3168 fugam
429 3083 561 3149 deorum
585 3083 753 3147 voluntate
773 3085 858 3148 cives
882 3105 958 3148 suos
982 3083 1021 3147 de
1044 3083 1187 3166 periculo
1206 3084 1346 3167 quodam
1371 3105 1436 3149 eer-

293 3175 394 3236 tiores
418 3171 547 3257 fecisse,
576 3173 667 3256 86,3
695 3172 833 3238 victoria
861 3173 947 3257 apud
975 3172 1141 3256 Thapsum
1170 3176 1266 3256 parta
1294 3173 1438 3238 divinam

293 3284 362 3326 rem
385 3263 507 3326 factam
531 3283 601 3326 esse
624 3263 827 3328 memoravit.
861 3260 909 3327 Of.
933 3262 985 3347 82,
1004 3261 1033 3326 2.
1066 3261 1227 3347 Denique,
1252 3264 1337 3346 quod
1357 3263 1437 3328 belli

293 3350 398 3416 Africi
421 3356 586 3416 auctorem
606 3353 712 3435 spatia
731 3353 884 3417 itinerum
904 3354 937 3414 88
955 3351 1127 3414 intervalla
1140 3351 1286 3416 locorum
1300 3351 1437 3438 diligen-

294 3442 422 3505 tissime
435 3443 568 3506 notasse
583 3441 739 3525 videmus,
754 3463 828 3506 cum
842 3464 880 3506 eo
896 3441 1058 3525 congruit,
1077 3441 1162 3524 quod
1176 3444 1260 3504 teste
1276 3439 1436 3506 Strabone

295 3533 326 3612 4,
345 3531 426 3595 294⁸
449 3530 583 3594 Asinius
605 3530 641 3594 in
662 3530 810 3596 historiis
833 3529 1069 3614 longitudinem
1097 3529 1205 3594 Rheni
1233 3549 1288 3594 sex
1310 3531 1437 3595 milium

295 3620 474 3684 stadiorum
498 3641 566 3684 esse
591 3620 731 3704 scripsit.

384 3707 505 3783 Quodsi
528 3709 594 3774 iam
616 3707 768 3774 Asinium
790 3707 958 3791 Poliouem
983 3709 1074 3793 quasi
1098 3707 1305 3773 manifestum
1329 3713 1438 3774 tenere

295 3797 392 3861 nobis
424 3797 584 3881 videmur,
617 3804 731 3864 nostra
760 3800 826 3864 rive
858 3799 968 3882 potius
996 3798 1183 3884 Landgrafii
1212 3799 1372 3864 sententia
1400 3821 1438 3864 eo

296 3908 423 3972 quoque
447 3887 666 3972 confirmatur,
690 3888 775 3974 quod
798 3888 940 3953 eiusdem
965 3888 1133 3974 scriptoris
1155 3909 1288 3952 manum
1307 3888 1438 3953 inbelli

295 3976 400 4041 civilis
425 3980 458 4040 et
477 3976 687 4041 Alexandrini
711 3976 803 4043 libris
827 3978 1103 4062 deprehendimus,
1126 3977 1212 4062 quod
1232 3976 1318 4043 idem
1335 3977 1437 4042 Land-

295 4065 417 4148 grafius
446 4065 570 4150 primus
598 4067 772 4151 perspexit.
818 4067 948 4134 Mortuo
977 4068 1101 4133 scilicet
1124 4066 1247 4151 Hirtio,
1276 4067 1330 4152 qui
1358 4067 1438 4132 belli
1514 4098 1517 4102 ·

295 4151 412 4218 Gallici
441 4154 559 4219 librum
590 4159 739 4221 octavum
767 4156 835 4222 fere
862 4161 970 4222 totum
999 4159 1195 4240 absolverat,
1227 4156 1437 4221 Alexandrini

293 4242 518 4326 imperfectum
546 4245 734 4331 reliquerat,
764 4251 874 4312 auctor
899 4247 979 4312 belli
1003 4246 1106 4312 Africi
1129 4245 1382 4330 supplendorum
1405 4249 1439 4310 et

296 4331 490 4396 edendorum
524 4337 831 4400 commentariorum
864 4359 974 4400 curam
1004 4336 1158 4420 suscepit,
1185 4335 1270 4399 unde
1298 4357 1371 4400 cum
1399 4357 1437 4400 ex

293 4419 557 4488 familiarissimis
581 4422 728 4490 Caesaris
753 4425 852 4518 fuisse
877 4431 910 4490 88
933 4424 1042 4490 Hirtio
1065 4425 1132 4490 fere
1155 4447 1267 4510 parem
1287 4425 1437 4490 habitum
