3312 5130
644 345 720 401 CAP.
740 353 854 402 81-83.
1253 351 1316 415 125

176 509 413 575 immortalibus
451 508 610 593 portendi.
669 510 851 575 Dubitante
889 507 1027 575 Caesare
1064 516 1161 598 atque
1204 509 1350 582 carunto

176 599 279 663 studio
308 598 543 682 cupiditatique
571 598 758 683 resistente,
791 599 854 664 sibi
883 601 1051 683 eruptione
1080 604 1219 688 pugnari
1249 626 1316 669 non

174 689 298 772 placere
322 689 512 753 clamitante
536 691 569 752 et
598 688 696 751 etiam
721 692 818 772 atque
848 688 947 753 etiam
972 689 1073 754 aciem
1098 696 1313 777 sustentante,

166 778 280 843 subito
313 776 425 842 dextro
456 799 556 842 cornu
588 777 714 842 iniussu
743 777 919 859 [Caesaris]
948 779 1079 843 tubicen
1109 781 1314 846 a-militibas

140 869 300 932 scoactus
331 888 446 931 canere
479 867 594 950 coepit.
641 865 710 940 Quo
742 865 830 931 facto
863 868 903 931 ab
935 867 1094 932 universis
1124 870 1350 937 cohortibusa

171 957 264 1042 signa
293 957 328 1020 in
359 956 487 1020 hostem
519 977 652 1039 coepere
683 955 810 1040 inferri,
842 978 914 1021 cum
944 959 1149 1022 centuriones
1183 964 1314 1043 pectore

171 1047 304 1110 adverso
328 1044 518 1109 resisterent
541 1043 636 1129 vique
657 1044 860 1108 continerent
884 1046 1019 1129 milites,
1041 1069 1081 1110 ne
1105 1047 1230 1112 iniussu
1254 1049 1312 1114 im·

169 1134 328 1218 peratoris
353 1137 597 1218 concurrerent,
620 1155 679 1198 nec
704 1133 877 1218 quicquam
900 1135 1104 1218 proficerent.

258 1222 316 1287 83.
350 1221 443 1297 Quod
466 1225 640 1308 postquam
664 1219 786 1287 Caesar
804 1223 978 1309 intellexit,
1002 1225 1147 1290 incitatis
1173 1227 1346 1294 militumr

126 1311 284 1377 inanimis
308 1312 417 1376 resisti
440 1312 532 1376 nullo
556 1311 651 1376 modo
676 1334 786 1396 posse,
811 1312 905 1397 signo
927 1312 1105 1378 Felicitatis
1130 1315 1206 1380 dato
1230 1329 1312 1401 equo

170 1401 308 1466 admisso
324 1404 439 1466 contra
453 1401 581 1466 hostem
597 1401 683 1465 inter
697 1401 860 1485 principes
880 1402 927 1465 ire
947 1404 1121 1468 contendit.
1153 1403 1183 1468 Α
1199 1404 1313 1470 dextro
1333 1427 1348 1473 a

176 1663 179 1670 .
257 1600 272 1646 1
292 1593 433 1648 dubitanti
452 1595 570 1650 Caesare
588 1593 628 1661 P;
647 1593 787 1648 dubitanti
806 1593 918 1648 Caesari
933 1595 974 1659 L;
993 1596 1124 1651 dubitans
1140 1597 1243 1652 Caesar
1267 1600 1292 1651 V
1302 1601 1312 1670 ]]

168 1665 412 1735 acupiditateque
431 1668 458 1720 A
491 1667 500 1733 ]
533 1664 667 1719 resistens
692 1665 717 1718 V
746 1667 755 1735 ΙΙ
786 1665 859 1720 *sibi
878 1667 916 1732 L;
945 1665 1041 1735 ibique
1060 1670 1103 1735 A;
1131 1670 1239 1738 sibique
1258 1671 1285 1725 R
1303 1677 1312 1742 11

167 1737 320 1807 irruptione
339 1737 490 1806 Scheelias,
517 1737 742 1805 Oaatendorpias‚
767 1737 932 1808 Madaipins
955 1738 1068 1793 Adsere.
1092 1742 1152 1794 erit.
1178 1743 1312 1798 11289:

166 1809 312 1933 11101
328 1807 536 1934 010111
547 1811 585 1949 l
612 1807 899 1933 1911111111·
916 1813 960 1948 ri]
975 1810 1312 1956 catarattula]

166 1923 568 2022 incastrationibus
589 1949 648 2004 00
663 1950 762 2006 Novar
781 1953 790 2019 l
808 1948 918 2006 rabian
937 1967 955 2004 a
974 1952 1001 2005 A
1006 1975 1017 2020 ‚·
1035 1952 1162 2008 00000
1175 1954 1314 2020 0000,-

166 2039 250 2076 acm.
272 2023 325 2076 Do
356 2024 366 2090 ΙΙ
398 2021 539 2076 60000110
558 2023 627 2092 A]
659 2021 724 2074 610
743 2023 824 2076 hoste
843 2022 869 2074 L
895 2024 905 2090 ΙΙ
933 2023 1129 2078 1001010000
1151 2068 1157 2080 .
1177 2068 1184 2080 .
1205 2067 1211 2080 .
1231 2027 1313 2095 profi·

168 2095 263 2148 cerent
281 2110 332 2147 om.
351 2095 378 2146 A
399 2095 409 2160 ]
429 2100 445 2147 8
464 2093 652 2162 nequicquam
677 2093 722 2146 Uri
742 2094 751 2161 ΙΙ
772 2099 788 2146 9
808 2094 882 2160 qaod
902 2096 1051 2162 postquam
1071 2112 1120 2152 em.
1142 2098 1196 2166 A]
1221 2101 1254 2150 10
1273 2115 1313 2152 re-

167 2165 226 2218 sisti
242 2171 307 2234 0001
320 2181 403 2233 posse
418 2165 445 2217 L
463 2166 535 2219 inter
553 2181 647 2220 rasas
665 2181 714 2220 rec.
729 2182 763 2218 m.
784 2167 795 2232 ]
817 2165 1008 2220 1101010οο11
1031 2169 1041 2236 ΙΙ
1064 2168 1185 2224 *eontra
1204 2168 1313 2224 hostem

168 2236 240 2290 iuter
258 2235 414 2305 principes]
433 2236 462 2289 in
481 2235 589 2291 hostem
610 2237 708 2291 contra
726 2234 867 2306 principes
890 2236 913 2290 0

255 2404 271 2450 1
298 2397 451 2466 eruptione]
485 2395 563 2450 Nihil
591 2414 661 2464 opus
687 2398 747 2451 erat
776 2395 896 2450 Scheelii
924 2395 1086 2452 coniectura
1112 2398 1311 2468 ‘irruptione’3

166 2468 342 2537 eruptionem
366 2467 440 2521 euim
463 2467 577 2522 Asinius
601 2468 686 2535 dixit,
711 2468 777 2536 quia
799 2467 925 2536 legiones
948 2485 1004 2522 uon
1028 2487 1123 2524 omnes
1147 2469 1312 2541 010101010-

165 2540 317 2606 cedebant,
341 2538 389 2592 sed
414 2555 511 2594 eversa
534 2539 684 2609 disciplina
708 2538 822 2594 militari
845 2540 1000 2608 periculum
1024 2543 1096 2608 erat,
1126 2558 1160 2595 00
1184 2542 1312 2610 singulae

165 2611 294 2665 cohortes
318 2611 422 2664 temere
445 2613 665 2680 prorumperent.
709 2610 878 2679 ‘Eruptione
906 2612 1046 2680 pugnare’
1073 2612 1175 2666 Caesar
1200 2613 1314 2682 scripsit

165 2687 288 2750 1,16,6.
310 2688 333 2749 1,
349 2687 391 2750 86,
407 2687 430 2735 1.
453 2681 476 2734 ll
492 2688 533 2746 14,
549 2686 574 2735 5.
598 2713 630 2721 —
655 2688 671 2735 3
690 2681 868 2752 sustentante]
890 2683 974 2736 verbo
996 2682 1128 2737 iterativo
1147 2684 1313 2753 exprimitur

165 2751 312 2808 Caesarem
331 2754 405 2807 omni
426 2752 453 2807 01
473 2753 599 2807 adnisum
615 2770 689 2821 0000,
714 2755 745 2807 01
763 2753 869 2808 milites
889 2753 1030 2808 retineret.
1062 2753 1128 2808 Sall.
1143 2755 1202 2825 lug.
1219 2761 1280 2823 101,
1296 2763 1312 2810 0

164 2824 301 2894 Iugurtha
325 2825 391 2878 dum
416 2825 572 2880 sustentare
596 2842 661 2879 suos
685 2824 774 2894 cupit3
798 2827 840 2891 66,
856 2832 880 2878 6.
917 2825 1038 2880 Multum
1063 2826 1157 2880 differt
1175 2827 1312 2880 sustinere

164 2913 275 2964 agmen,
290 2896 368 2950 velut
382 2897 456 2966 apud
470 2896 581 2950 Livium
596 2902 639 2962 16,
655 2902 697 2963 36,
715 2903 738 2950 1.
759 2929 791 2935 —
811 2902 828 2948 4
841 2897 962 2965 iniussa]
981 2897 1077 2951 Florus
1092 2904 1117 2965 4,
1132 2903 1157 2966 1,
1175 2905 1208 2953 66
1225 2898 1312 2969 ‘quod

165 2968 235 3022 alias
260 2984 425 3036 numquam,
451 2971 516 3022 autc
539 2967 688 3036 imperium
712 2967 791 3038 ducis
817 2985 868 3021 sua
891 2969 991 3037 sponte
1018 2969 1099 3038 signa
1125 2970 1312 3038 cecinerunt’,

166 3039 342 3093 contumacia
366 3038 486 3092 militum
510 3040 539 3092 iu
562 3038 721 3108 prodigium
741 3054 829 3092 versa.
869 3037 1027 3093 ‘Caesaris'
1052 3041 1237 3109 praecedente
1262 3042 1312 3095 ab·

166 3110 254 3164 101100
278 3110 409 3164 absoluto
433 3110 596 3165 ‘dubitante
620 3109 754 3164 Caesare’
780 3113 812 3164 ut
837 3109 950 3164 defendi
973 3114 1067 3180 potest
1090 3112 1152 3166 loco
1181 3112 1312 3166 similiter

166 3181 439 3250 000100001019,1,
463 3181 506 3235 110
529 3181 660 3251 genetivo
684 3197 739 3235 000
763 3198 833 3250 opus
853 3197 913 3235 0000
930 3181 1099 3251 perspicitur
1121 3199 1153 3236 ex
1173 3189 1216 3253 61,
1232 3190 1256 3238 3.
1277 3215 1310 3224 -
1335 3204 1348 3224 ·

166 3260 307 3322 tcoepere
328 3253 441 3323 inferri]
461 3279 495 3296 =
514 3255 616 3322 coepta
638 3255 709 3307 0001.
744 3253 777 3306 ef.
799 3253 894 3320 01111,
913 3263 934 3307 1.
964 3285 996 3293 -
1026 3271 1086 3308 cerm
1104 3256 1309 3310 resisterent...

162 3323 630 3406 01010000110010000001101010
652 3325 841 3378 concessivam
864 3324 951 3379 habet
974 3325 1155 3393 sententiam,
1179 3327 1247 3393 quia
1265 3342 1310 3379 eo·

166 3395 260 3449 000100
284 3395 380 3450 invitis
403 3395 611 3450 centurionibus
640 3394 903 3465 progrediebantur;
932 3397 1052 3450 alterum
1079 3413 1193 3450 causam
1217 3399 1310 3465 potius

165 3467 280 3536 indicat,
298 3467 432 3536 quoniam
450 3467 529 3521 irrita
543 3468 643 3521 ducum
659 3483 744 3536 opera
758 3465 820 3534 ipsa
835 3483 920 3520 causa
939 3468 999 3534 1011,
1021 3485 1069 3521 cur
1083 3466 1220 3537 proelium
1235 3485 1310 3521 com-

166 3539 330 3593 mitteretur.

253 3609 302 3666 83.
330 3614 363 3663 10
376 3603 454 3679 signo
470 3610 637 3680 Felicitatis]
652 3611 735 3680 Verg.
750 3611 818 3664 Aen.
834 3616 858 3677 1,
874 3615 924 3663 631
941 3609 1059 3663 classica
1072 3608 1185 3679 iamque
1199 3613 1310 3674 sonant,

164 3680 188 3734 it
206 3680 281 3736 bello
296 3683 403 3735 tessera
418 3682 536 3750 signum,
557 3681 592 3734 ad
611 3698 683 3748 quae
698 3681 824 3735 Servius:
846 3680 1003 3749 symbolum
1017 3680 1159 3746 bellicum,
1179 3681 1255 3749 quod
1273 3680 1310 3734 ad

165 3769 287 3821 pugnam
308 3751 472 3806 exeuntibus
488 3752 579 3819 datur,
598 3753 706 3806 scilicet
720 3756 834 3822 propter
848 3751 1048 3822 confusionem,
1067 3754 1099 3804 ut
1117 3751 1172 3805 fuit
1190 3752 1309 3806 inbelle

165 3823 247 3878 Marii
269 3823 412 3878 †Bardeus
432 3823 496 3890 (Lar
514 3825 600 3878 deus?
628 3825 682 3878 Pau
702 3825 787 3878 deus?
811 3823 894 3877 Liber
912 3824 1021 3891 deust),
1044 3822 1074 3876 in
1093 3823 1188 3878 Sullae
1207 3824 1309 3893 Apollo

164 3893 325 3963 Delphicus,
343 3895 371 3948 iu
387 3895 512 3949 Caesaris
527 3897 622 3949 Venus
636 3893 777 3950 Genetrix.
806 3895 847 3949 Cf.
862 3894 981 3964 Appiau.
996 3895 1023 3948 b.
1039 3895 1090 3948 010.
1106 3902 1131 3962 1,
1143 3899 1202 3949 101.
1222 3901 1247 3957 1,
1259 3900 1310 3948 104

165 3967 199 4019 dc
218 3966 348 4022 Caesare:
372 3963 506 4036 σύνθημα
525 3966 574 4020 nal
596 3964 659 4021 τότε
684 3963 752 4028 δοὺς
767 3961 944 4034 Ἀφροδίτην,
969 3963 1176 4020 1000001001
1196 3962 1211 4020 ὃ
1233 3969 1309 4034 Πομ-

164 4037 246 4105 πήιος
270 4033 437 4111 Εὐσέβειαν.
474 4037 527 4092 Dio
552 4037 663 4092 Cassius
681 4044 724 4103 41,
745 4043 787 4103 43,
808 4042 821 4089 1
842 4034 976 4106 σύνθημα
1003 4043 1061 4099 τοῖς
1086 4035 1138 4107 μὲν
1161 4032 1235 4106 ἀμφὶ
1260 4035 1309 4092 τὸν

166 4110 290 4179 Βροῦων
307 4105 483 4177 Ἐλευθερία.
521 4109 566 4163 Sic
585 4108 639 4163 iam
659 4109 787 4177 Xenoph.
812 4108 893 4162 anab.
915 4116 939 4176 1,
955 4115 980 4175 8,
996 4115 1028 4163 16
1048 4110 1082 4162 de
1105 4125 1201 4178 pugna
1223 4123 1310 4176 prope

165 4180 280 4235 Cunaxa
300 4178 370 4243 Ζεὺς
388 4177 478 4249 σωτὴρ
497 4180 546 4234 nal
564 4185 638 4249 νίκη.
676 4181 793 4249 Saepius
808 4183 901 4234 autem
917 4181 1027 4249 signum
1042 4180 1143 4234 dicitur
1157 4180 1191 4233 de
1205 4180 1311 4233 tessera

164 4251 193 4304 in
214 4251 349 4306 obeundis
369 4250 474 4321 vigiliis
493 4252 574 4317 data,
592 4251 681 4307 veluti
701 4250 816 4320 Optima
834 4254 935 4318 mater,
955 4250 1085 4319 Priapus,
1104 4250 1207 4304 Venus.
1244 4251 1309 4304 Tac.

165 4329 327 4391 000.13,1.
357 4322 432 4377 Suet.
453 4321 539 4391 Calig.
556 4328 598 4378 66.
619 4323 773 4394 01001141.
790 4338 903 4392 -eqno
922 4323 1051 4392 admisso]
1069 4322 1103 4374 01
1121 4327 1206 4389 63,1;
1226 4323 1311 4376 antea

164 4394 239 4448 euim
255 4394 357 4449 Caesar
370 4394 488 4462 pedibus
504 4394 723 4448 circumcursans
739 4399 793 4462 (81,
805 4396 830 4460 1)
847 4392 951 4447 milites
970 4393 1090 4446 retinere
1109 4397 1225 4448 conatus
1240 4396 1309 4448 erat.

164 4497 197 4506 -—
217 4472 247 4518 11
264 4472 360 4522 contra
373 4467 484 4538 bostem]
500 4466 602 4520 Caesar
617 4471 641 4536 1,
657 4472 698 4533 61,
714 4471 729 4518 1
750 4465 906 4535 equitatum
927 4465 1024 4520 contra
1040 4465 1148 4520 hostem
1163 4466 1204 4522 ire
1218 4466 1309 4535 iabet;
