3292 5132
698 394 773 450 CAP.
793 402 818 450 2.
837 403 862 450 3.
1335 396 1356 459 5

208 561 291 641 riae]
321 560 467 644 reliquae
498 562 640 642 [praeter
669 561 803 643 paucas]
832 564 931 624 vento
960 560 1123 644 dispersae
1147 564 1244 644 atque
1269 582 1355 624 erra-

208 650 338 714 bundae
353 650 482 714 diversa
495 649 567 713 loca
581 648 753 734 petierant.
787 647 943 732 Clupeam
964 651 1067 714 classe
1085 649 1355 733 praetervehitur,
1374 664 1389 711 6

210 739 325 803 deinde
348 737 537 822 Neapolim,
560 737 716 822 conplura
739 741 907 821 praeterea
930 738 1065 803 castella
1089 741 1122 802 et
1147 738 1265 823 oppida
1288 759 1355 802 nou

209 829 308 913 longe
332 851 352 893 a
375 828 458 892 mari
480 827 645 912 relinquit.

166 935 184 983 5
300 915 334 981 3.
358 916 540 1000 Postquam
563 915 777 980 Adrumetum
801 917 953 998 accessit,
983 916 1039 981 ubi
1061 916 1261 1000 praesidium
1285 920 1387 980 eratl

208 1005 482 1088 adversariorum,
502 1005 553 1069 eui
574 1011 722 1090 praeerat
741 1004 775 1070 Ο.
792 1002 978 1090 Considius,
1002 1010 1036 1071 et
1055 1027 1073 1069 a
1093 1003 1225 1090 Clupeis
1245 1027 1354 1069 seeun-

282 1169 295 1216 1
324 1163 455 1232 *praeter
474 1178 580 1232 paucas
598 1163 659 1217 secl.
682 1163 822 1217 Vicltcber
834 1165 844 1231 l
858 1162 982 1232 disperso
1001 1163 1027 1215 L
1047 1165 1058 1232 l
1078 1168 1094 1216 2
1113 1162 1287 1234 *petierant]
1307 1179 1354 1231 pe-

207 1233 334 1288 tiuerunt
343 1235 369 1286 L
377 1255 387 1298 ;
406 1234 547 1303 petierunt
561 1233 589 1288 R
602 1236 612 1303 l
626 1234 772 1304 cluppeam
787 1234 814 1287 L
828 1235 837 1303 ΙΙ
856 1241 872 1288 3
886 1233 1007 1288 *deinde
1021 1235 1098 1299 AD;
1116 1233 1182 1288 dein
1195 1234 1223 1288 R
1236 1236 1246 1302 ΙΙ
1259 1239 1277 1286 4
1291 1233 1353 1287 *re-

206 1305 312 1375 linquit
331 1305 363 1360 F
370 1305 409 1370 V;
427 1303 542 1372 reliquit
561 1305 588 1360 R
611 1308 620 1374 ΙΙ
639 1312 654 1359 6
673 1307 856 1375 praeceperat
874 1305 902 1359 A
922 1307 932 1374 ΙΙ
954 1303 1088 1360 cassidius
1107 1306 1134 1358 L
1154 1306 1163 1373 l
1187 1305 1313 1374 cluppeis
1327 1306 1354 1359 L

299 1454 314 1502 l
336 1448 468 1518 reliquae]
488 1447 565 1502 Idem
584 1447 799 1518 grammaticus,
823 1447 873 1517 qui
896 1463 1001 1518 paucas
1026 1446 1153 1503 Caesaris
1175 1463 1261 1502 naves
1281 1447 1353 1501 falso

207 1519 395 1588 intellegebat
412 1520 525 1587 longas,
549 1518 587 1572 ad
606 1519 766 1588 ‘reliquae'
788 1517 948 1589 explicandi
967 1536 1051 1573 causa
1069 1519 1220 1589 adscripsit
1238 1519 1352 1572 ‘onera-

206 1590 298 1657 riae';
317 1590 422 1645 rectius
440 1589 511 1644 alius
536 1589 651 1658 quidam
676 1591 735 1645 sive
758 1589 889 1645 librarius
913 1591 973 1645 sive
997 1589 1058 1645 ludi
1076 1592 1212 1660 magister
1229 1589 1353 1658 reliquas

207 1662 297 1718 sensit
321 1677 383 1716 esse
411 1678 507 1716 omues
533 1663 592 1715 tam
617 1663 716 1732 longas
742 1678 827 1730 quam
851 1661 992 1717 onerarias
1017 1663 1141 1731 exceptis
1165 1660 1222 1716 illis
1246 1660 1352 1730 paucis,

206 1749 279 1802 quae
308 1732 456 1788 Caesarem
484 1730 704 1800 comitabantur,
734 1733 854 1801 ideoque
888 1732 1039 1802 adscripsit
1068 1733 1195 1803 ‘praeter
1220 1732 1352 1801 paucas’.

206 1806 364 1872 Utrumque
382 1802 470 1874 igitur
492 1806 592 1873 utpote
614 1805 756 1874 glossema
775 1804 931 1860 eiciendum
950 1807 1020 1862 erat.
1046 1836 1076 1845 -
1105 1805 1294 1928 errabuccdoel
1310 1808 1353 1869 21,

207 1883 231 1931 3,
256 1880 299 1943 44,
319 1881 351 1942 2,
374 1875 450 1943 quod
466 1875 583 1929 verbum
606 1875 719 1931 Asinius
743 1875 864 1930 adscivit
883 1891 916 1928 ex
935 1891 1061 1930 sermone
1079 1878 1234 1944 poetarum.
1295 1891 1350 1927 ucr.

206 1953 236 2014 4,
257 1951 317 2000 692.
356 1945 457 2000 Catull.
483 1951 609 2013 84,113.
648 1947 731 2017 Verg.
755 1948 806 2001 eol.
826 1953 857 2014 6,
877 1952 918 2001 58.
960 1946 1043 2016 Apud
1067 1947 1199 2001 Plautum
1221 1947 1353 2015 leguntur

206 2018 378 2072 ludibundus
398 2019 428 2072 et
445 2016 640 2085 moribundus,
662 2019 736 2087 apud
756 2017 902 2072 Sisennam
921 2018 1151 2087 populabundus,
1175 2018 1250 2088 apud
1270 2017 1352 2072 Glau-

206 2090 285 2143 dium
305 2086 522 2157 Quadrigarium
539 2091 764 2158 cunctabundus,
783 2090 858 2158 apud
876 2088 1025 2143 Laberium
1044 2089 1259 2155 amorabundus,
1278 2088 1352 2158 apud

206 2159 372 2214 Sallustium
392 2159 606 2229 praedabundus
625 2163 654 2214 et
671 2161 856 2220 vitabundus.
888 2159 990 2215 Caesar
1009 2160 1052 2215 his
1071 2159 1168 2216 formis
1187 2160 1271 2230 plane
1290 2160 1351 2213 abs·

203 2230 306 2298 tinuit,
335 2231 453 2285 indulsit
475 2229 582 2295 Livius,
607 2231 703 2287 Cicero
727 2250 782 2288 non
801 2233 855 2286 nisi
874 2231 971 2300 paucis
988 2231 1058 2288 locis
1078 2229 1193 2286 admisit
1217 2231 1353 2286 vocabula

204 2302 339 2357 Plautina
364 2301 534 2356 ludibundus
559 2303 588 2356 et
613 2304 804 2357 moribundus.
840 2303 923 2372 Apud
949 2301 1054 2372 priscos
1079 2304 1177 2356 tamen
1201 2301 1352 2370 scriptores

205 2376 281 2427 hunc
298 2391 380 2427 usum
403 2374 490 2426 latius
514 2372 640 2442 patuisse
663 2377 693 2428 et
717 2375 906 2440 Quintilianus
929 2376 1076 2429 confirmat
1100 2380 1123 2440 1,
1144 2382 1168 2439 6,
1188 2380 1235 2427 42:
1261 2389 1352 2440 neque

205 2444 281 2498 enim
308 2444 603 2498 tuburchinabundum
628 2447 656 2500 et
681 2445 936 2500 lurchinabundum
962 2447 1019 2500 iam
1045 2446 1072 2498 in
1098 2443 1179 2498 nobis
1205 2444 1352 2512 quisquam

205 2515 293 2584 ferat,
318 2515 387 2570 licet
410 2513 479 2570 Cato
503 2515 542 2569 sit
564 2517 674 2582 auctor3
701 2520 731 2571 et
756 2533 828 2586 quae
852 2515 958 2572 Gellius
982 2515 1101 2586 protulit
1127 2514 1255 2582 exempla
1282 2513 1351 2568 satis

205 2588 304 2654 multa,
324 2586 412 2642 veluti
431 2587 648 2656 cogitabundus,
672 2589 873 2654 iactabundus,
897 2586 1113 2656 gloriabundus,
1133 2585 1298 2640 nitibundus
1318 2601 1351 2639 ex

205 2675 333 2713 sermone
360 2659 454 2727 prisco
481 2659 575 2727 potius
599 2660 765 2714 resuscitata
787 2676 872 2728 quam
895 2661 1000 2713 novata
1023 2659 1094 2712 sunt.
1138 2658 1179 2711 Ac
1204 2656 1352 2710 Terentius

205 2731 326 2784 Scaurus
346 2729 460 2798 quidem
478 2746 522 2797 ap.
538 2728 610 2784 Gell.
627 2736 668 2798 11,
686 2736 727 2798 15,
743 2737 757 2784 7
777 2729 1007 2800 populabundum
1026 2727 1266 2799 interpretabatur
1279 2744 1352 2794 eum,

204 2801 255 2869 qui
268 2801 452 2870 populantem
467 2803 565 2870 ageret
579 2802 624 2855 vel
638 2801 809 2868 imitaretur,
828 2799 998 2870 Apollinaris
1018 2801 1219 2856 laetabundum
1239 2798 1351 2854 abunde

205 2874 327 2939 laetum,
353 2871 502 2926 Diomedes
526 2891 554 2941 p.
573 2878 670 2942 403,4
696 2872 882 2929 vitabundum
906 2890 982 2941 eum,
1009 2873 1056 2941 qui
1079 2872 1170 2927 vitare
1189 2870 1350 2936 simularet3

204 2943 310 2998 rectius
334 2941 487 2999 Caesellius
505 2942 616 2998 Vindex
639 2961 683 3013 ap.
709 2944 828 2999 eundem
847 2943 968 2999 Gellium
992 2942 1179 2998 ludibundum
1197 2942 1350 2998 ludentem.

204 3014 247 3069 of.
268 3016 405 3069 secundus
425 3041 459 3060 =
478 3031 609 3083 sequens;
635 3015 769 3071 oriundus
788 3041 822 3061 =
841 3015 941 3072 oriens.
978 3016 1148 3070 Monendum
1167 3018 1263 3069 tamen
1281 3015 1351 3067 haec

204 3086 301 3140 omnia
317 3085 432 3156 probari
445 3102 528 3156 posse
545 3086 576 3139 in
594 3087 687 3141 verbis
701 3085 900 3152 intransitivis,
921 3105 938 3142 a
956 3088 1098 3157 plerisque
1117 3086 1277 3155 improbata
1292 3099 1351 3139 esse

204 3158 235 3211 in
261 3157 418 3212 transitivis
447 3157 673 3227 (populabundus
699 3161 803 3227 agros).
836 3190 869 3199 —
903 3164 918 3211 2
941 3158 1091 3229 petierant]
1117 3157 1291 3212 restituimus
1315 3155 1351 3210 ad

203 3228 289 3282 fidem
309 3227 414 3284 codicis
432 3227 471 3294 L,
497 3228 576 3282 ouius
597 3229 737 3298 scriptura
754 3229 916 3298 petiuerunt
934 3231 1036 3298 (neque
1055 3230 1129 3284 enim
1147 3245 1214 3282 usus
1233 3229 1278 3281 est
1296 3227 1350 3280 hac

203 3299 296 3354 forma
313 3297 437 3367 Asinius)
457 3300 579 3354 conflata
598 3303 640 3354 est
658 3317 692 3355 ex
710 3301 852 3370 petierunt
870 3302 900 3353 et
918 3317 1003 3370 supra
1022 3301 1129 3370 scripta
1146 3315 1163 3352 a
1182 3301 1347 3366 correctore,

203 3373 236 3425 ut
256 3374 329 3426 esset
354 3370 525 3440 ‘petierant'
552 3371 648 3426 littera
669 3390 687 3425 ο
705 3389 777 3440 quae
801 3371 904 3425 dicitur
923 3374 1022 3441 aperta
1040 3388 1180 3440 quamque
1199 3371 1312 3424 litterae
1331 3387 1351 3423 ο

204 3442 378 3496 simillimam
398 3458 459 3497 esse
477 3460 559 3497 nemo
577 3441 702 3512 ignorat,
726 3444 874 3513 praeterea
897 3442 1040 3511 petierunt
1058 3445 1119 3512 (pro
1137 3441 1282 3510 petebant)
1302 3457 1350 3508 pa·

203 3531 267 3566 rum
285 3516 362 3568 recte
386 3514 492 3568 dictum
515 3515 597 3569 esset.
629 3546 660 3554 -
686 3513 914 3584 praetermittat]
938 3515 965 3568 b.
984 3515 1063 3568 Alex.
1082 3519 1126 3578 44,
1145 3519 1170 3566 4.
1209 3511 1286 3566 Caes.
1311 3511 1350 3564 ΠΙ

203 3590 283 3652 26,1.
303 3591 386 3652 30,1;
406 3583 536 3639 similiter
549 3586 775 3654 praetergredior
788 3587 815 3642 b.
829 3585 888 3639 Alr.
904 3590 946 3652 58,
962 3591 986 3639 4.
1007 3591 1049 3650 69,
1066 3593 1089 3639 1.
1110 3590 1152 3652 ⁷3,
1167 3589 1196 3637 4:
1216 3581 1350 3652 praevehi

203 3656 305 3710 eodem
323 3672 409 3710 seusu
424 3656 602 3725 Propertius,
622 3656 730 3725 Livius,
749 3657 877 3723 Tacitum
896 3656 1045 3726 praegredi
1063 3656 1158 3710 Livius
1177 3658 1206 3709 et
1224 3653 1348 3708 Tacitus.

203 3759 237 3767 —
263 3727 455 3797 3Ncapolim]
480 3726 564 3782 hodie
587 3727 686 3782 Nabel.
717 3760 750 3768 —
776 3746 832 3784 οοο
851 3729 939 3800 louge]
965 3728 1102 3797 septiens;
1132 3732 1209 3795 38,2
1235 3742 1290 3780 non
1309 3726 1351 3779 ita

202 3800 300 3867 longe;
320 3798 354 3852 ol.
370 3799 405 3852 ad
422 3804 463 3866 12,
479 3804 494 3852 1
513 3799 589 3853 haud
607 3798 698 3868 longe.
720 3831 752 3840 -
771 3806 788 3854 4
806 3800 949 3870 relinquit]
963 3797 1178 3867 praeferendum
1194 3799 1263 3866 erat,
1283 3798 1351 3866 quia

204 3869 346 3940 inprime
365 3871 511 3924 enuntiato
531 3871 574 3924 est
591 3869 825 3939 praetervehitur.
961 3913 964 3919 .

293 3940 323 3995 3.
348 3947 364 3994 ⁵
383 3942 563 3996 Adrumetum
577 3942 616 4013 ο.]
637 3942 724 3997 ΡοοΙο
744 3941 827 3996 aliter
847 3941 957 3997 Cassius
977 3940 1031 3995 Dio
1046 3947 1089 4007 42,
1104 3946 1175 4009 58,1
1194 3936 1244 3994 τὸν
1259 3940 1350 3993 πλοῦν

202 4007 275 4081 πρὸς
287 4007 454 4082 Ἀδρύμητον
470 4009 630 4081 ἐποιήσατο,
645 4011 680 4066 rol
695 4009 748 4082 γὰρ
764 4010 795 4067 ἐν
810 4014 843 4082 τῇ
859 4010 965 4084 occing
980 4012 1098 4083 ἰσχυρῶς
1113 4007 1288 4081 ἐφρουρεῖτο.
1318 4012 1349 4064 In

203 4083 325 4138 nummis
344 4087 373 4138 ot
387 4082 619 4154 »inscriptionibus
636 4083 744 4137 HADR.
764 4083 1061 4150 utriculanum,
1082 4084 1182 4152 Geogr.
1197 4082 1231 4134 de
1245 4080 1275 4134 la
1288 4097 1349 4148 pro-

202 4154 286 4209 vince
300 4153 436 4208 Romaine
451 4153 596 4223 d’Afrique
610 4156 666 4210 vol.
681 4155 715 4210 ll.
735 4155 823 4210 Paris.
841 4162 916 4210 1888.
932 4173 979 4225 pg.
996 4161 1046 4209 149
1058 4171 1117 4222 sqq.
1133 4159 1184 4208 809
1196 4170 1236 4220 sq.
1259 4151 1349 4206 Hodie

203 4226 315 4299 Souara.
326 4257 360 4266 -
370 4227 556 4295 praesidium]
567 4227 685 4280 duarum
694 4225 850 4294 legionum3
866 4233 910 4292 33,
929 4234 954 4281 3.
968 4230 1007 4296 l⁶
1025 4225 1052 4280 0.
1071 4224 1229 4294 Cornidius]
1245 4240 1349 4293 cogno-

203 4297 279 4352 mino
298 4295 421 4366 hongus,
442 4296 525 4367 paulo
541 4309 605 4352 ante
625 4297 751 4352 exortum
765 4298 871 4351 bellum
886 4296 968 4352 civile
982 4298 1147 4366 propraetor
1161 4293 1281 4362 Africae,
1300 4293 1349 4363 qui

203 4385 393 4424 successorem
407 4367 547 4439 Ligarium
562 4369 678 4438 reliquit
690 4367 758 4435 (Cic.
774 4387 801 4437 p.
816 4369 877 4438 Lig.
895 4375 917 4422 1.
938 4367 1030 4422 Schol.
1040 4367 1165 4421 Gronov.
1180 4385 1208 4436 p.
1222 4373 1275 4421 414
1290 4367 1348 4432 Or.)

203 4444 234 4496 et
242 4441 298 4496 iam
308 4456 381 4494 anno
392 4445 426 4493 49
437 4458 461 4494 a.
471 4438 533 4494 Chr.
552 4441 738 4493 Adrumetum
747 4439 829 4494 unius
839 4438 959 4510 legionis
968 4437 1109 4508 praesidio
1119 4439 1259 4494 tuebatur.
1270 4438 1348 4492 Caes.

203 4513 229 4566 11
248 4517 291 4581 23,
306 4518 331 4566 4.
360 4509 400 4566 of.
420 4511 494 4565 inira
508 4529 531 4564 c.
550 4518 598 4578 33,
618 4518 642 4566 3.
661 4517 709 4579 43,
730 4517 753 4566 1.
772 4543 804 4551 -
826 4510 948 4582 Clupea]
966 4509 1083 4580 pluralis
1102 4511 1203 4578 forma,
1223 4512 1255 4564 ut
1273 4509 1349 4580 apud
