3288 5124
701 368 776 425 car.
796 377 838 424 9ο.
858 376 900 424 ar.
1328 373 1370 437 99

223 547 292 594 ccc
316 531 487 597 interiecto
511 533 631 616 spatio,
655 533 743 616 quod
761 533 901 597 forsitan
923 536 998 597 ante
1017 533 1049 596 id
1068 536 1198 616 tempus
1218 535 1371 598 acciderit

221 643 417 704 numquam,
442 623 518 705 quin
539 622 759 704 dimicaretur,
783 641 1033 706 emensusque
1058 622 1097 686 ad
1117 622 1231 687 horam
1251 643 1283 686 x.
1307 625 1371 688 diei

222 710 451 793 perstiterunt.
488 710 621 794 Iamque
641 709 762 776 Caesar
781 733 854 775 enm
874 712 1048 776 exereitum
1067 711 1154 776 intra
1173 711 1370 777 munitiones
1390 737 1405 783 2

223 820 301 862 suas
325 799 477 864 reducere
500 801 674 883 coepisset,
698 797 834 886 [subito]
858 799 1027 865 universus
1047 799 1211 884 equitatus
1236 802 1370 866 ulterior

176 908 195 956 5
222 885 440 952 Numidarum
465 888 741 974 Gaetulorumque
772 889 842 953 sine
871 888 972 952 frenis
1003 889 1045 953 ab
1077 889 1190 954 dextra
1217 895 1311 974 parte
1336 913 1369 954 se

222 998 356 1040 movere
384 978 581 1062 propiusque
609 977 757 1044 Caesaris
786 982 906 1062 eastra,
934 1000 1016 1061 quae
1039 982 1131 1042 erant
1153 978 1186 1043 in
1212 980 1306 1060 colle,
1335 1002 1369 1044 se

224 1065 374 1130 conferre
399 1065 548 1153 [eoepit),
570 1067 717 1131 frenatus
742 1071 848 1132 autem
874 1067 1010 1131 Labieni
1028 1089 1126 1151 eques
1149 1067 1184 1130 in
1207 1069 1278 1132 loeo
1297 1090 1369 1152 per-

222 1177 356 1218 manere
393 1157 601 1240 legionesque
635 1156 794 1221 detinere:
836 1177 908 1220 eum
945 1156 1055 1220 subito
1093 1179 1168 1240 pars
1206 1158 1403 1241 equitatusa

222 1242 374 1308 Caesaris
395 1267 469 1309 eum
488 1246 553 1310 levi
572 1250 738 1310 armatura
757 1251 871 1310 eontra
886 1244 1042 1310 Gaetulos
1057 1245 1181 1309 iniussu
1197 1269 1234 1310 ae
1248 1249 1369 1311 temere

153 1357 194 1404 10
219 1333 353 1416 longius
364 1335 755 1419 progressipaludemque
766 1335 963 1419 transgressi
974 1335 1213 1399 multitudinem
1225 1334 1368 1400 hostium

219 1423 320 1504 pauci
339 1423 499 1488 sustinere
518 1446 584 1487 non
603 1429 791 1507 potuerunt,
810 1424 937 1507 levique
958 1429 1123 1488 armatura
1142 1424 1269 1488 deserta
1284 1425 1370 1506 pulsi

220 1512 512 1596 convulneratique
531 1535 597 1577 uno
616 1513 724 1597 equite
745 1513 879 1591 amisso,
898 1513 1009 1578 multis
1030 1514 1120 1597 equis
1141 1511 1269 1596 sauciis,
1287 1514 1368 1577 levis

220 1607 407 1666 armaturae
437 1621 535 1666 xxvii
566 1603 681 1667 occisis
712 1604 753 1667 ad
777 1624 852 1667 suos
882 1602 1080 1688 refugerunt.
1128 1600 1197 1677 Quo
1229 1603 1403 1673 secundor

314 1798 327 1844 1
348 1796 412 1848 ante
427 1811 477 1849 om.
494 1796 543 1864 L)
561 1795 743 1850 accideratL
765 1798 775 1864 ))
799 1794 911 1848 amisi
931 1794 1004 1862 Aa·
1027 1793 1115 1848 dieR
1138 1797 1146 1863 ΙΙ
1175 1801 1274 1848 39919
1292 1797 1367 1851 editt.

220 1865 289 1918 dum
311 1865 365 1934 0)
391 1871 408 1918 4
435 1883 498 1920 suas
524 1884 575 1920 om.
594 1867 621 1919 L
647 1870 657 1935 l)
685 1867 825 1937 *[subito]
851 1867 1015 1920 indusimus
1036 1867 1046 1934 l)
1075 1867 1147 1919 591)
1166 1866 1265 1920 dextra
1287 1870 1367 1936 parte

218 1936 425 2005 Nipperdeius5
442 1938 478 1990 ad
498 1939 623 1992 dextram
644 1944 753 2006 partem
775 1939 797 1990 0
819 1942 829 2007 u
857 1936 1030 2009 7*[eoepit]
1050 1938 1211 1992 inclusimus
1232 1940 1243 2006 l)
1265 1937 1367 1992 frenati

220 2009 331 2074 equites
354 2009 384 2062 D
407 2011 417 2077 ΙΙ
440 2016 455 2063 8
480 2008 604 2063 detinere
624 2010 691 2077 Det.-
714 2009 854 2063 destinare
873 2009 901 2063 P
914 2026 958 2077 pr.
978 2025 1030 2073 nr.;
1054 2007 1195 2063 destinare
1221 2010 1259 2075 V,·
1282 2010 1366 2063 desti-

218 2080 300 2132 tuere
326 2080 368 2145 L,
395 2081 526 2134 distinere
553 2082 581 2135 R
612 2083 622 2149 ΙΙ
654 2088 669 2134 9
698 2079 798 2142 iniussi
826 2081 855 2133 et
882 2083 988 2133 temere
1011 2079 1151 2148 progressi
1176 2080 1287 2150 longius
1318 2081 1343 2132 V
1359 2081 1367 2146 l)

222 2155 255 2203 10
275 2151 455 2222 transgressi]
475 2153 616 2221 progressi
634 2152 661 2203 L
684 2155 693 2220 l)
717 2157 748 2205 11
770 2153 881 2206 deserta
902 2153 928 2204 P
943 2168 987 2220 pr.
1007 2169 1057 2216 m.;
1082 2150 1187 2205 deserti
1206 2169 1239 2205 ae
1257 2153 1301 2221 R,-
1320 2153 1365 2204 de·

220 2221 289 2274 serti
308 2224 417 2291 (uniisse
436 2225 479 2288 ae)
498 2224 524 2275 L
542 2241 626 2294 mere.
646 2239 695 2278 see.
715 2241 748 2278 m.

218 2341 435 2350 ——-—-—..-.

311 2424 327 2471 2
346 2421 414 2488 qaia
428 2420 617 2490 dimicaretur]
636 2436 799 2489 suspensum
819 2435 836 2472 a
856 2418 1050 2487 ‘numquam’,
1069 2419 1101 2470 ut
1120 2418 1194 2486 apud
1214 2415 1268 2472 Cic.
1288 2417 1365 2471 Verr.

220 2496 245 2555 4,
261 2494 295 2542 95
314 2506 466 2559 numquam
481 2493 537 2544 tam
553 2492 626 2544 male
641 2493 685 2546 est
699 2491 809 2558 Siculis,
823 2489 891 2558 quin
906 2488 1013 2558 aliquid
1028 2489 1120 2542 faeere
1135 2488 1239 2542 dicant.
1265 2489 1364 2559 (Raph.

220 2560 344 2628 lliihner,
359 2579 475 2630 gramm.
492 2562 539 2617 lat.
555 2562 580 2614 ΙΙ
595 2569 646 2617 830
667 2562 800 2632 explieat:
819 2561 1004 2631 perstiterunt
1019 2587 1052 2604 =
1067 2559 1190 2614 cunctati
1206 2565 1278 2626 sunt,
1297 2561 1365 2626 quin

220 2630 421 2700 dimicaretur.)
436 2664 470 2674 -
486 2651 504 2687 a
521 2635 611 2703 mune)
628 2634 661 2688 cf.
677 2633 713 2687 ad
728 2641 770 2700 42,
788 2640 810 2688 1.
826 2663 859 2673 -
874 2633 941 2703 diei]
962 2637 1003 2697 99,
1020 2637 1042 2684 5.
1073 2631 1175 2685 Caesar
1188 2629 1261 2686 libro
1276 2631 1365 2686 altero

219 2702 255 2756 de
275 2704 408 2772 analogia
425 2703 556 2774 (119119,
578 2710 618 2774 14,
638 2707 683 2773 25)
703 2705 785 2758 huius
805 2704 849 2759 die
869 2705 898 2758 et
915 2704 998 2758 huius
1016 2701 1109 2771 speeie
1132 2701 1280 2756 dicendum
1305 2720 1364 2757 esse

219 2773 326 2828 docuit.
338 2807 367 2814 —
382 2782 398 2828 3
412 2778 576 2830 munitiones
590 2776 667 2846 sues]
679 2793 833 2849 pronomen
847 2773 1023 2830 retinendum
1038 2776 1099 2828 erat
1113 2774 1229 2841 eoll.41,
1242 2778 1265 2828 1.
1285 2780 1327 2841 51,
1340 2781 1364 2828 3.

220 2851 263 2910 58,
278 2853 303 2899 2.
320 2877 352 2885 -
368 2852 385 2899 4
403 2848 492 2901 subito
503 2888 508 2899 .
521 2890 526 2901 .
539 2890 544 2902 .
555 2848 654 2918 eoepit]
670 2847 768 2902 addita
782 2851 849 2901 9991
862 2847 898 2901 ad
914 2846 1093 2914 explicandos
1110 2843 1264 2899 infinitivos
1278 2844 1364 2900 histo-

218 2916 305 2981 ricos3
329 2916 400 2970 illud
423 2917 586 2985 molestum,
610 2919 676 2986 quia
695 2920 748 2972 hoe
767 2918 931 2973 adverbium
949 2923 995 2983 §3
1014 2917 1213 2971 reservandum
1232 2918 1287 2982 est,
1312 2916 1364 2970 hoe

218 2987 284 3042 ideo
303 2991 471 3056 suspectum,
490 2989 557 3058 quia
575 2989 633 3043 iarn
651 2989 681 3044 in
700 2992 844 3045 enuntiato
859 2988 1009 3059 temporali
1023 2989 1159 3058 seriptum
1178 2991 1221 3042 est
1241 2989 1365 3057 ‘eoepis-

219 3059 290 3113 set’.
310 3091 344 3099 -
363 3061 488 3130 ulterior]
514 3062 561 3129 qui
585 3063 696 3129 longius
720 3061 922 3116 circumvectus
941 3060 1086 3116 clauderet
1104 3058 1232 3114 Caesaris
1257 3061 1364 3129 eopias3

219 3137 263 3198 59,
279 3137 307 3184 5:
328 3132 375 3185 sed
395 3132 514 3187 fortasse
532 3134 700 3188 vocabulum
725 3150 742 3187 a
765 3131 949 3204 grammatico
973 3132 1113 3187 adiectum
1137 3133 1188 3185 est.
1213 3161 1245 3170 -
1270 3136 1286 3185 5
1306 3133 1365 3186 aine

217 3202 318 3273 frenis)
341 3208 380 3269 19,
396 3209 421 3257 4.
440 3209 524 3273 48,1,
545 3204 618 3258 unde
637 3204 807 3259 adieetivum
826 3222 888 3258 cnm
907 3207 939 3258 in
952 3202 1093 3272 privativo
1108 3201 1295 3271 compositum
1308 3219 1364 3256 non

218 3275 333 3342 praesto
351 3273 436 3328 fnisse
455 3274 637 3344 intellegitur.
674 3275 784 3330 Primus
806 3275 888 3330 finxit
909 3275 1047 3344 Vergilius
1071 3273 1136 3343 (uisi
1157 3275 1363 3328 antecessorem

219 3343 320 3398 habuit
342 3344 473 3413 Ennium)
500 3348 528 3401 et
551 3347 675 3401 infrenus
700 3350 777 3416 (Aen.
797 3353 823 3415 4,
842 3354 875 3401 41
895 3345 1034 3401 Numidae
1057 3345 1169 3414 infreni)
1195 3349 1224 3398 ct
1249 3344 1364 3399 infrenis

218 3417 299 3485 (Aen.
318 3423 426 3481 19199
444 3418 525 3471 illum
542 3419 659 3472 infrenis
679 3420 744 3488 equi
763 3421 845 3488 lapsu
862 3420 963 3472 tellure
981 3417 1144 3498 iacentem),
1163 3415 1245 3469 metri
1262 3433 1363 3482 pareus

216 3486 387 3541 necessitati.
426 3489 578 3558 Partieipio
606 3493 700 3544 autem
725 3490 919 3557 ε1911999199’,
947 3489 1022 3557 quod
1048 3491 1091 3542 991
1116 3483 1192 3551 ἅπαξ
1217 3484 1363 3554 εἰρημένον

218 3559 294 3628 apud
313 3558 424 3612 Livium
443 3567 486 3628 21,
502 3566 544 3628 44,
563 3569 572 3614 1
595 3563 637 3616 911
654 3561 747 3616 noluit
760 3561 882 3628 Asinius,
902 3561 968 3630 quia
987 3561 1185 3627 homonymum
1203 3558 1313 3610 ducitur
1327 3559 1363 3611 ab

217 3630 377 3684 infrenandi
392 3632 484 3686 verbo.
511 3632 595 3686 Silius
612 3641 635 3701 1,
651 3639 702 3686 215
717 3633 855 3688 Numidae
870 3649 939 3701 gens
953 3631 1041 3684 inscia
1056 3628 1135 3683 freni.
1155 3659 1189 3668 -
1209 3634 1223 3680 1
1238 3630 1363 3695 frenatus

217 3701 309 3772 eques]
324 3703 394 3756 Usus
408 3703 508 3758 talium
524 3704 762 3759 substantivorum
778 3722 861 3758 sensu
876 3703 1024 3758 collective
1039 3701 1195 3770 positorum
1211 3700 1285 3769 apud
1301 3699 1362 3754 Asi·

216 3777 295 3828 nium
311 3771 479 3842 (Caesarem,
494 3774 626 3845 Hirtium)
637 3778 763 3846 angustis
775 3777 877 3830 finibus
889 3772 1115 3842 circumscriptus
1130 3773 1183 3836 est;
1198 3788 1233 3825 ne
1247 3771 1360 3825 ‘hostis’

217 3845 332 3914 quidem
350 3844 462 3914 saepius
480 3847 519 3900 919
542 3850 705 3917 9991991991
724 3848 849 3902 invenies
869 3851 923 3916 (15,
938 3852 962 3900 2.
989 3850 1029 3909 18,
1044 3851 1068 3898 5.
1093 3850 1136 3908 31,
1152 3848 1176 3895 2.
1202 3849 1244 3909 39,
1260 3849 1288 3910 2,
1309 3843 1361 3896 eto.

216 3916 319 3982 quibus
334 3917 451 3985 pluralis
466 3918 571 3972 formae
585 3919 669 3988 longe
683 3919 869 3989 praevalent),
884 3915 1069 3981 adversarius,
1083 3914 1159 3983 quod
1173 3912 1259 3967 habet
1269 3914 1362 3982 Nepos

215 3987 280 4041 Dat.
298 3992 353 4057 ⁷,3
372 4005 521 4057 nusquam;
543 3990 632 4058 miles,
652 3991 764 4046 Caesari
781 4008 838 4045 non
856 3993 978 4059 spretum
999 3991 1029 4041 et
1047 3987 1114 4040 olim
1133 3984 1238 4038 lectum
1258 3984 1284 4038 b.
1303 3985 1361 4038 Afr.

218 4065 265 4126 15,
287 4066 300 4111 1
330 4075 422 4114 merae
451 4060 627 4115 coniecturae
653 4062 821 4129 debebatur,
850 4077 1019 4131 quamquam
1047 4057 1137 4111 tribus
1165 4055 1234 4108 loeis
1266 4061 1313 4136 71,
1336 4062 1362 4110 2.

216 4136 260 4196 72,
281 4135 305 4183 1.
324 4136 342 4183 4
366 4130 499 4186 librorum
522 4132 576 4186 fide
600 4134 765 4188 defenditur.
812 4133 879 4186 Cum
904 4135 998 4186 nostro
1023 4131 1085 4184 loco
1106 4143 1268 4195 comparare
1291 4127 1360 4180 lieet

215 4201 272 4255 Cic.
294 4201 508 4271 99191.9,25,1
529 4205 651 4271 equitem
672 4206 814 4258 Parthum.
852 4204 943 4272 Magis
965 4201 1143 4255 indulserunt
1166 4197 1233 4279 huie
1251 4196 1315 4251 usui
1333 4201 1363 4252 et

213 4277 327 4343 poetae,
347 4273 435 4328 veluti
449 4273 574 4328 Catullus
590 4283 632 4342 63,
647 4283 680 4329 22
700 4274 816 4345 (tibicen
830 4275 933 4344 Phryx)
952 4276 981 4327 et
994 4272 1043 4340 qui
1056 4271 1121 4340 post
1135 4268 1262 4321 Annium
1277 4269 1361 4323 floru-

214 4347 299 4398 erunt
316 4360 410 4398 rerum
429 4345 591 4414 scriptores,
612 4345 760 4400 Sallust-ius
779 4347 875 4401 Livius
894 4343 1016 4400 Tacitus.
1041 4373 1074 4382 -
1098 4348 1113 4396 8
1133 4341 1262 4411 detinere]
1283 4339 1360 4395 Caes.

214 4415 253 4470 lIl
269 4420 345 4483 15,4
364 4416 505 4483 equitatus
528 4419 694 4473 novissimos
717 4418 824 4486 proelio
848 4416 1002 4472 detinebat.
1028 4445 1060 4454 -
1081 4413 1362 4484 991·9...919919991]

213 4488 386 4543 constructio
405 4485 477 4542 eard
497 4488 622 4558 ederem,
642 4490 676 4545 ef.
697 4495 751 4559 6,1
772 4492 801 4544 91
819 4491 854 4546 ad
873 4494 955 4557 95,1.

1112 4581 1148 4634 7*
