3312 5130
289 348 353 414 156
762 347 957 405 APPENDIX.

287 536 319 577 τι
333 522 400 577 τῶν
415 514 585 595 συνήθων,
598 511 686 594 πλὴν
700 510 750 575 ότι
769 512 827 576 τὸν
841 511 918 577 υίὸν
932 509 1100 594 η’σπάσατο
1115 511 1432 598 φιλοφρονέστερον.

292 603 337 666 To
360 598 397 666 δὲ
421 599 569 686 ξιφίδιον
588 609 626 686 τῇ
645 604 741 684 κλίνη
760 602 797 664 τὸ
817 602 962 683 σύνηθες
980 601 1040 687 ούχ
1059 602 1166 687 εὑρὼν
1180 607 1434 686 παρακείμενον,

288 690 474 774 ἐξεβόησεν,
508 690 558 754 ότι
585 690 779 775 προδιδοῖτο
808 690 872 754 ὑπὸ
899 700 967 754 τῶν
996 693 1127 756 οἰκείων
1155 703 1225 768 τοῖς
1254 696 1434 776 πολεμίοις.

292 783 365 844 Τίνι
397 781 475 864 γάρ,
506 781 586 862 ἐφη,
615 779 797 862 χρήσεσθαι
828 781 1052 863 προσιόντων,
1082 778 1124 845 ἀν
1153 783 1272 856 νυκτὸς
1302 779 1434 858 ἐπίωσι;

293 871 367 932 Τών
391 864 428 934 δέ
452 867 554 933 αὐτὸν
577 868 874 953 παρακαλούντων,
902 864 1006 951 μηδὲν
1029 865 1082 953 ἐφ’
1104 865 1224 934 ἑαυτὸν
1246 871 1434 953 βουλεύειν,

287 954 359 1022 ἀλλ’
381 957 612 1022 ἀναπαύεσθαι
639 954 740 1068 χωρίς
768 955 932 1067 ξιφιδίου,
960 955 1227 1042 ἀξιοπιστότερον
1255 960 1302 1023 ἔτι
1326 954 1433 1024 εἶπεν·

290 1046 339 1110 ot
358 1047 420 1131 γάρ
436 1045 508 1110 ἐστί
520 1068 591 1129 μοι,
610 1043 761 1129 θέλοντι,
780 1043 834 1110 καὶ
855 1042 898 1109 δι’
918 1044 1058 1128 ἐσθῆτος
1078 1045 1221 1130 ἐμαυτὸν
1240 1046 1435 1124 ἀποπνιξαι;

287 1132 341 1198 καὶ
372 1133 405 1210 ἐς
434 1136 474 1199 τὰ
503 1138 592 1218 τείχη
623 1133 684 1216 τὴν
715 1135 864 1218 κεφαλὴν
892 1133 1090 1219 ἀπαρράξαι;
1123 1133 1223 1199 κάλ’
1207 1159 1240 1212 ες
1266 1136 1435 1222 τράχηλον

285 1226 496 1306 κυβιστῆσαι;
523 1221 578 1287 καὶ
605 1225 643 1287 τὸ
672 1232 801 1306 πνεῦμα
828 1225 1033 1307 κατασχόντα
1057 1222 1222 1308 ἐκτρῖψαι;
1254 1225 1371 1290 Πολλά
1396 1249 1434 1290 τε

287 1313 384 1395 ὅμοια
408 1313 525 1394 είπών,
548 1313 739 1398 παρηγαγεν
757 1312 879 1388 αὐτοὺς
900 1318 1103 1397 παραθεῖναι
1127 1314 1165 1377 τὸ
1185 1311 1341 1396 ξιφίδιον.
1375 1311 1435 1390 Ὡς

287 1397 472 1484 δέἐτέθη,
505 1401 686 1477 Πλάτωνος
718 1402 855 1484 αἰτήσας
885 1400 946 1483 τὴν
975 1399 1051 1486 περὶ
1080 1410 1188 1486 ψυχης
1221 1403 1435 1487 συγγραφὴν,

287 1489 495 1572 ἀνεγίνωσκε.

377 1579 426 1644 99.
460 1577 527 1642 Καὶ
556 1576 626 1644 ἐπεὶ
653 1576 747 1655 τέλος
771 1573 836 1663 εἶχε
860 1588 905 1666 τῷ
928 1579 1085 1644 Πλάτωνι
1109 1580 1127 1644 ὁ
1151 1580 1304 1695 topos-‚³
1288 1581 1442 1645 αναπαό-

288 1674 385 1732 εσθαι
418 1671 495 1744 τοὺς
527 1665 601 1754 περὶ
630 1669 738 1754 θύρας
765 1668 959 1752 ὑπολαβὼν,
993 1651 1134 1752 ἔτρωσεν
1167 1670 1270 1734 αὑτὸν
1301 1670 1365 1734 ὑπὸ
1396 1671 1442 1734 τὰ

288 1759 415 1866 στερνα
463 1759 709 1841 Προπεσόντων
738 1754 767 1820 δ’
791 1756 880 1844 αὐτῷ
908 1767 975 1821 τῶν
1004 1757 1202 1841 σπλάγχνων
1230 1756 1284 1822 καὶ
1313 1760 1441 1823 στόνου

287 1847 379 1922 τινὸς
398 1844 673 1927 ἐξακουσθέντος,
697 1822 881 1930 ἐσέδραμον
900 1846 935 1910 ot
950 1844 1026 1931 περὶ
1045 1848 1166 1931 θύρας·
1199 1845 1254 1911 καὶ
1273 1849 1309 1911 οί
1326 1846 1440 1932 ἰατροὶ

287 1936 326 1998 τά
350 1935 520 2018 σπλάγχνα
549 1937 595 1998 ἔτι
624 1943 692 2022 σῷα
720 1936 799 1999 όντα
828 1933 993 2016 ἐνέθηκαν
1022 1936 1120 2000 ἔνδον
1148 1933 1203 1999 καί
1226 1937 1285 2013 τάς
1306 1938 1440 2018 πληγὰς

212 2069 217 2074 -
289 2022 529 2108 ἐπιρράψαντες
560 2000 731 2105 ἐπέδησαν.
781 2021 815 2088 Ὁ
845 2020 930 2088 δὲ’
913 2025 1062 2136 ανεγκὼν
1094 2019 1195 2100 αὖθις
1204 2024 1438 2138 ὑπεκρίνετο·

288 2109 342 2177 καὶ
365 2110 588 2195 κατεμέμφετο
612 2107 710 2195 μέν’
694 2122 799 2200 εαυτςό
822 2118 950 2195 πληγης
967 2111 1148 2194 ἀσθενοῦς,
1172 2113 1270 2198 χάριν
1294 2111 1362 2177 δ”
1346 2137 1440 2196 ωμο-

288 2203 378 2282 λόγει
402 2212 471 2276 τοῖς
494 2202 695 2287 περισώσασι
714 2180 784 2264 καί
791 2202 1058 2285 καταδαρθείν”
1040 2225 1103 2285 εφη
1128 2202 1341 2266 δεῖσθαιθ
1312 2199 1442 2285 Οίμεν

288 2289 329 2371 δὴ
362 2291 398 2354 τὸ
432 2288 572 2373 ξίφος’
560 2292 689 2374 ε’χοντες
716 2288 841 2376 ςόχοντο
869 2288 924 2354 καὶ
952 2291 1010 2367 τάς
1042 2292 1151 2375 θύρας
1183 2291 1227 2404 dre
1255 2291 1440 2404 η’ρεμοῦντι

289 2376 489 2443 ἐπεᾛκλεισαν
531 2376 565 2442 Ὁ
593 2376 660 2443 δ”
645 2379 755 2444 ύπνου
784 2378 886 2456 δόξαν
914 2379 1027 2455 αὐτοῖς
1054 2380 1233 2464 παρασχών
1262 2381 1302 2444 τά
1330 2381 1441 2464 δεσμὰ

287 2479 360 2544 ταῖς
386 2465 478 2552 χερσὶ
506 2469 602 2551 μετὰ
615 2476 709 2582 σιγης
738 2467 929 2553 ἀπερρήγνυ
956 2466 1011 2532 καὶ
1039 2469 1097 2544 τάς
1120 2468 1230 2552 ῥαφὰς
1252 2477 1312 2532 τοῦ
1335 2471 1441 2553 τραύ-

288 2581 390 2641 ματος
413 2555 630 2622 ἀνέπτυσσεν
664 2548 718 2622 οἷα
736 2561 860 2641 θηρίον
882 2559 919 2622 τό
938 2580 973 2622 τε
992 2565 1120 2642 τραῦμα
1139 2555 1194 2621 καὶ
1211 2556 1274 2638 τὴν
1292 2555 1441 2641 γαστέρα

290 2645 441 2731 εὐρύνων
460 2645 554 2724 όνυξι
577 2643 632 2710 καὶ
651 2644 861 2721 δακτύλοις’
845 2656 990 2758 ερευνών
1013 2643 1126 2710 καὶτὰ
1150 2645 1319 2729 σπλάγχνα
1342 2648 1442 2730 διαρ-

289 2739 427 2818 ρίπτων·
452 2732 547 2820 μέχρι
566 2733 828 2818 ἐτελεύτησεν,”
810 2757 864 2816 ετη
883 2759 944 2818 μεν
958 2733 1043 2818 ἀμφὶ
1058 2736 1261 2816 πεντήκοντα
1276 2737 1439 2816 γεγονώς·

289 2824 554 2907 ὁμολογούμενος
581 2821 618 2888 δέ
645 2825 706 2906 την
733 2846 768 2888 τε
796 2824 932 2906 γνώμην
961 2822 994 2900 ἐς
1021 2823 1039 2887 ό
1067 2847 1099 2888 τι
1126 2827 1265 2909 κρίνειε,
1297 2824 1440 2888 πάντων

289 2912 424 2998 ἀνδρῶν
447 2910 688 2995 ἐπιμονώτατος
707 2921 811 2996 φῦναι
830 2910 884 2977 καὶ
904 2913 939 2977 τὸ
960 2913 1090 2977 δίκαιον
1108 2910 1128 2995 ἢ
1147 2910 1274 2997 πρέπον
1292 2911 1313 2995 ὑ
1331 2915 1440 2978 καλὸν

290 3000 351 3065 οὑκ
378 3003 471 3065 ἐθεσι
498 3006 625 3085 μᾶλλον
654 3000 673 3084 ἢ
701 3003 944 3085 μεγαλοψύχοις
971 3006 1142 3084 λογισμοῖς
1170 3002 1289 3087 ὁρίσαι.
1327 3000 1440 3086 ¹Apud

290 3090 502 3155 Plutarchum
522 3088 591 3155 Oct
611 3091 687 3154 min.
707 3091 838 3156 66-73
857 3101 894 3154 ut
917 3091 1075 3154 nonnulle
1095 3090 1227 3154 mirifice
1247 3096 1440 3175 congruunt

290 3201 363 3244 cum
386 3179 551 3263 Appiano,
573 3180 620 3244 ite
643 3181 740 3263 longe
764 3179 905 3262 plurima
929 3182 986 3243 aut
1008 3178 1104 3243 aliter
1122 3182 1255 3244 narrata
1280 3183 1355 3244 sunt
1375 3186 1438 3245 aut

292 3268 517 3333 desiderantur
541 3269 625 3352 apud
651 3269 846 3353 Appianum.

381 3354 442 3430 cae
428 3358 514 3422 tonis
545 3359 610 3422 virt
596 3361 682 3422 tutes
715 3379 827 3422 omnes
858 3356 925 3421 fere
958 3378 1066 3421 rerum
1095 3357 1269 3441 scriptores
1298 3358 1441 3424 summis

291 3446 441 3512 leudibus
479 3450 533 3511 ext
519 3447 676 3532 t,ulerunt
714 3447 742 3511 si
778 3445 963 3511 discesseris
996 3468 1015 3509 e
1048 3443 1197 3510 Caesaris
1229 3443 1308 3510 Ant
1284 3449 1363 3511 ttrca
1364 3469 1440 3514 one.

293 3535 497 3621 Quamquam
526 3558 567 3599 ne
589 3535 723 3600 Asinius
748 3535 877 3620 quidem
902 3542 1035 3619 excepto
1060 3535 1132 3600 loco
1155 3535 1250 3619 23,1
1277 3533 1439 3620 (hominis

291 3621 493 3712 gravissimi)
522 3625 658 3689 eumin
684 3625 844 3689 narranda
868 3627 973 3688 morte
997 3623 1155 3707 laudavit,
1184 3624 1239 3688 sed
1262 3624 1439 3690 Uticenses

291 3714 373 3777 bene
397 3714 435 3778 de
459 3735 496 3778 eo
520 3714 680 3779 iudicasse
705 3713 831 3795 scribit,
855 3735 919 3797 que
941 3734 976 3776 re
999 3715 1110 3776 tamen
1134 3735 1206 3779 eum
1229 3735 1296 3779 non
1320 3714 1439 3797 utique

291 3803 324 3866 in
352 3803 452 3867 verba
481 3803 601 3887 magist
603 3803 631 3867 ri
658 3803 783 3868 iurasse
812 3824 847 3866 sa
849 3802 891 3866 tis
849 3801 1053 3866 tdemons
1055 3804 1169 3866 tratur.
1218 3800 1258 3865 Iu
1286 3801 1439 3868 historiis

291 3895 403 3958 contra
435 3891 591 3956 invictum
625 3890 758 3957 Catonis
796 3891 939 3956 animum
972 3891 1186 3954 celebravisse
1218 3889 1358 3976 videtur,
1396 3897 1439 3956 ut

290 3981 455 4067 colligitur
478 4002 516 4045 ex
541 3982 683 4046 carmine
706 3980 836 4045 Horatii
859 3979 931 4045 Ill
958 3979 998 4043 ad
1021 3978 1190 4044 Polionem
1215 3978 1307 4064 dato,
1331 4003 1360 4044 v.
1380 3981 1437 4048 24.

378 4071 428 4135 De
460 4068 562 4135 Iubae
594 4093 632 4135 cc
664 4069 785 4135 Petreii
817 4070 905 4134 exitu
938 4067 1088 4153 quoniam
1122 4069 1257 4134 mirifice
1286 4069 1370 4133 inter
1399 4093 1438 4134 se

291 4159 475 4243 discrepant
490 4181 595 4224 rerum
616 4159 804 4243 scriptores,
821 4158 943 4223 famam
959 4157 1152 4242 sequendam
1172 4161 1324 4240 putamus
1344 4163 1440 4223 vetu-

289 4248 480 4332 stissimam,
505 4271 585 4332 quae
609 4249 693 4331 apud
716 4248 844 4314 Livium
868 4247 1000 4330 eiusque
1019 4246 1267 4329 epitomatorem
1286 4246 1437 4332 Florum,

290 4336 426 4420 denique
446 4338 531 4420 apud
550 4338 639 4402 Flori
659 4338 903 4421 compilatorem
922 4335 1111 4418 Ampelium-
1129 4334 1251 4400 tradita
1270 4340 1328 4401 est.
1362 4335 1436 4402 Liv.

289 4447 355 4510 per.
377 4426 441 4491 114
458 4426 605 4491 Petreius
624 4425 743 4491 Iubam¹
760 4448 856 4510 seque
876 4425 1048 4490 interfecit.
1083 4423 1169 4489 Flor.
1189 4425 1219 4508 4,
1239 4426 1269 4510 2,
1288 4425 1330 4489 69
1349 4423 1437 4490 Iuba
