3288 5124
624 387 700 444 oAP.
720 395 763 444 16.
783 396 826 445 ee.
1281 395 1327 460 45

173 549 266 634 capit
300 553 333 614 et
366 552 534 634 praeterea
569 549 631 615 duo
666 551 786 635 oppida
819 551 1042 620 Gaetulorum.
1098 556 1221 632 Quibus
1254 578 1362 624 661113

174 639 401 704 condicionem
425 639 539 723 ferret,
564 643 600 704 ut
624 640 743 724 oppido
767 641 960 708 excederent
983 644 1079 728 idque
1103 645 1166 709 sibi
1189 669 1326 712 vacuum

173 729 357 813 traderent,
386 728 672 814 condicionemque
699 731 937 814 repudiassent,
965 737 1079 816 postea
1108 736 1149 798 ab
1179 759 1216 800 eo
1240 736 1328 821 capti

175 817 405 902 interfectique
430 821 506 882 sunt
530 840 651 883 omnes.
696 817 775 882 Inde
804 841 996 904 progressus
1025 844 1122 908 agros
1147 825 1328 910 oppidaque

135 925 152 972 5
176 929 296 971 vexare
319 928 385 970 non
410 906 545 970 destitit.
591 906 716 983 Quibus
744 908 842 973 rebus
873 911 1013 996 cognitis
1041 911 1137 996 Iuba,
1165 935 1238 976 cum
1261 913 1362 978 161114

175 1019 245 1060 11611
268 996 367 1080 longe
392 996 433 1060 ab
458 995 608 1080 Scipione
632 1001 730 1081 atque
754 997 822 1061 eius
847 997 981 1063 ducibus
1007 1001 1151 1083 abesset,
1180 1003 1327 1088 concepit

178 1085 282 1149 satius
307 1106 378 1148 esse
407 1085 483 1168 sibi,
515 1106 573 1148 suo
598 1106 698 1170 regno
729 1085 872 1151 subsidio
904 1088 964 1173 ire,
995 1111 1105 1173 quam,
1136 1090 1212 1155 dum
1243 1092 1326 1157 alios

178 1174 349 1239 adiuturus
368 1174 640 1258 proficisceretur,
664 1174 733 1257 ipse
753 1197 811 1239 suo
830 1197 931 1260 regno
950 1178 1064 1261 pulsus
1083 1178 1221 1243 forsitan
1241 1186 1327 1246 utra-

178 1285 241 1346 que
264 1285 300 1326 re
324 1263 548 1346 expelleretur.
584 1263 698 1346 Itaque
717 1285 829 1328 rursus
853 1287 887 1329 se
909 1266 1066 1350 recipere,
1090 1273 1188 1351 atque
1208 1271 1327 1334 auxilia
1346 1287 1361 1335 5

119 1370 155 1417 10
180 1352 281 1415 etiam
306 1351 346 1415 ab
366 1350 516 1437 Scipione
535 1351 670 1415 abduxit
689 1351 752 1416 sibi
772 1353 902 1438 suisque
921 1355 1018 1420 rebus
1037 1356 1155 1421 timens
1175 1358 1326 1442 elephan-

176 1441 286 1524 tisque
317 1459 392 1504 xxx
424 1440 546 1506 relictis
577 1441 643 1505 suis
679 1441 797 1506 finibus
833 1443 1025 1528 oppidisque
1054 1447 1222 1530 suppetias
1254 1470 1327 1532 pro-

177 1530 284 1594 fectus
307 1538 366 1595 est.

271 1617 329 1684 26.
363 1617 485 1684 Caesar
512 1619 657 1702 interim,
684 1641 757 1683 eum
786 1620 825 1683 de
854 1642 911 1686 suo
940 1620 1079 1687 adventu
1109 1622 1269 1688 dubitatio
1292 1625 1361 1690 iu1

178 1707 347 1791 provincia
372 1709 458 1772 esset
480 1729 583 1791 neque
607 1708 778 1806 quisquam
798 1709 943 1774 crederet
965 1711 1080 1795 ipsum,
1104 1711 1161 1776 sed
1185 1713 1326 1797 aliquem

270 1865 420 1920 2offerret
438 1864 464 1918 L
488 1867 497 1935 ΙΙ
524 1865 714 1936 3116661661]
735 1866 866 1920 caderent
885 1867 911 1920 A
933 1868 943 1935 ΙΙ
971 1866 1186 1936 conditioneque
1205 1869 1233 1924 A
1256 1871 1265 1941 Ι)
1292 1871 1328 1926 ab

179 1935 224 1990 his
243 1938 273 1990 D
291 1937 362 2001 (scil.
383 1937 459 1990 Iuba
478 1942 502 1990 et
520 1936 642 2004 Bocho);
660 1938 696 1992 ab
715 1937 755 1990 eis
773 1953 825 1992 rec.
848 1939 858 2007 ΙΙ
885 1943 901 1992 6
920 1937 1032 1992 desistit
1049 1939 1075 1993 L
1094 1941 1141 2007 (cf.
1162 1942 1199 1995 od
1217 1946 1328 2010 22,1);

180 2007 320 2061 desistunt
339 2009 369 2064 D
387 2024 457 2063 corr.
487 2008 497 2076 ΙΙ
530 2015 546 2062 6
569 2007 705 2077 *concepi
755 2006 833 2077 capit
860 2008 1053 2064 consiliumO
1084 2012 1088 2080 Ι
1117 2017 1131 2066 7
1156 2010 1240 2084 *666]
1264 2030 1327 2069 suo-

178 2096 234 2146 que
255 2079 277 2132 O
300 2081 309 2150 Ι)
334 2084 350 2132 8
370 2079 488 2148 *pulsus
508 2079 549 2145 L;
568 2009 741 2148 expulsustit
763 2083 773 2148 1
796 2086 812 2133 9
832 2097 860 2134 ee
880 2096 929 2134 666.
944 2013 1169 2136 ALPUt'VD

270 2227 286 2274 2
306 2222 492 2277 condicionem
506 2221 601 2292 ferret]
617 2220 695 2276 Caes.
705 2226 731 2289 4,
743 2226 784 2288 11,
795 2228 820 2276 3.
840 2221 906 2290 124,
918 2227 942 2278 6.
958 2228 1001 2290 32,
1010 2229 1034 2277 6.
1051 2254 1084 2262 -
1099 2225 1327 2298 3repadiaseeat]

178 2291 241 2346 scil.
252 2291 303 2360 illi,
314 2293 456 2362 oppidani.
468 2324 501 2332 —
513 2293 599 2363 capte]
611 2292 700 2362 captis
709 2290 820 2362 oppidis
830 2295 1023 2362 comprehensi
1035 2323 1068 2332 -
1077 2289 1195 2366 616116]
1207 2297 1326 2365 Appian.

176 2365 205 2418 b.
217 2362 270 2417 civ.
282 2370 307 2430 2,
319 2370 352 2420 96
366 2359 456 2436 Ἰόβας
467 2359 495 2426 ἔς
509 2361 544 2417 τὰ
555 2362 648 2418 οἰκεῖα
658 2362 777 2433 μάλιστα
791 2358 948 2434 ἀνεζεύγνυ
963 2361 1033 2433 μετὰ
1047 2373 1096 2418 τοῦ
1112 2364 1186 2420 ἰδίου
1197 2369 1326 2436 στρατοῦ,
1413 2379 1415 2384 “

176 2433 332 2502 τριάκοντα
348 2433 378 2501 ἐξ
398 2430 486 2489 αὐτοῦ
497 2431 601 2502 μόνους
614 2431 761 2489 ὑπολιπών
778 2431 936 2503 ἐλέφαντας
948 2441 986 2507 τῷ
1000 2437 1148 2489 Σκιπίωνι.
1174 2436 1229 2493 Cic.
1245 2439 1326 2508 epist.

178 2512 203 2573 9,
219 2513 245 2574 6,
261 2512 277 2561 3
292 2508 328 2574 (6.
343 2513 378 2561 46
393 2507 458 2561 61116
478 2505 552 2576 Chr.)
573 2506 607 2560 de
626 2506 753 2561 Caesaris
768 2507 796 2560 in
815 2506 911 2561 Africa
929 2507 1107 2561 adversariis:
1128 2507 1209 2575 quasi
1227 2508 1326 2564 utilius

177 2576 219 2631 rei
236 2578 366 2646 publicae
380 2576 466 2632 fuerit
481 2594 528 2631 eos
544 2576 628 2631 etiam
646 2577 683 2631 ad
697 2576 851 2632 bestiarum
865 2578 999 2632 auxilium
1015 2576 1162 2646 confugere
1178 2595 1263 2645 quam
1281 2580 1328 2634 vel

178 2647 268 2702 emori
290 2650 331 2704 vel
352 2667 415 2703 curn
436 2665 499 2718 spe,
519 2649 616 2702 sinon
636 2648 757 2719 optima,
776 2650 807 2704 at
826 2647 925 2717 aliqua
942 2652 1037 2703 tamen
1056 2649 1157 2704 rivere.
1177 2681 1211 2689 —
1231 2657 1247 2705 6
1266 2668 1327 2706 666-

177 2720 262 2790 cepit]
278 2719 439 2788 scripsimus
449 2721 519 2774 utin
529 2720 593 2775 loco
603 2720 765 2790 desperato,
780 2719 859 2788 quia,
874 2723 905 2774 ut
920 2718 1067 2788 sequentia
1079 2720 1180 2789 (satius
1191 2736 1251 2776 esse
1262 2724 1327 2790 etc.)

178 2794 246 2860 apte
262 2790 444 2859 cohaereant,
460 2809 531 2861 opus
546 2793 589 2846 est
602 2792 687 2847 verbo
702 2790 855 2858 sentiendi,
869 2791 958 2846 veluti
975 2791 1130 2860 ‘perspexit
1135 2833 1145 2859 ,
1163 2792 1327 2860 intellexit’,

178 2863 254 2930 quod
275 2881 360 2930 supra
379 2862 485 2932 scripto
500 2879 667 2932 synonymo,
687 2862 749 2916 loco
769 2863 948 2917 deturbatum
969 2879 1029 2916 esse
1049 2865 1161 2918 credere
1176 2864 1251 2920 licet.
1285 2866 1325 2920 Cf.

178 2940 222 3002 73,
238 2940 262 2988 3.
301 2932 407 3003 Capera
427 2934 573 2989 consilium
592 2951 627 2988 ne
647 2931 912 3002 neglegentissimus
927 2934 1040 3002 quidem
1060 2933 1180 3003 scriptor
1198 2952 1261 2990 cum
1281 2953 1326 2990 ac-

178 3005 307 3060 cusativo
322 3023 385 3060 cum
400 3004 539 3061 infinitivo
554 3004 741 3069 coniunxerit;
762 3006 947 3074 gerundivum
961 3004 1104 3059 subiunxit
1118 3004 1232 3061 Asinius
1247 3013 1289 3074 49,
1300 3014 1325 3062 2.

178 3083 222 3141 97,
244 3081 271 3142 1,
299 3073 468 3131 infinitivum
488 3076 590 3131 Caesar
609 3081 645 3146 (7,
665 3082 708 3144 26,
729 3082 742 3129 1
768 3075 916 3131 consilium
935 3079 1070 3146 ceperunt
1088 3094 1121 3130 ex
1139 3078 1244 3147 oppido
1263 3096 1325 3148 pro-

177 3147 289 3216 1636166
318 3153 341 3215 7,
365 3153 411 3216 71,
434 3149 470 3218 1).
495 3179 527 3188 -
555 3155 639 3202 7666
667 3148 761 3219 regno]
780 3148 844 3201 fort.
864 3165 915 3202 sor.
940 3149 997 3202 suis
1021 3149 1115 3216 rebus,
1140 3149 1169 3202 et
1193 3155 1208 3215 ς
1230 3154 1246 3203 6
1271 3149 1326 3203 sibi

177 3218 294 3286 timens,
319 3219 412 3285 6128,
433 3225 457 3272 2.
487 3251 520 3258 -
550 3225 667 3290 866966
681 3220 793 3289 pulsus]
817 3218 853 3272 ad
873 3218 1032 3289 exemplum
1054 3222 1214 3288 poetarum:
1241 3221 1324 3290 Verg.

106 3339 112 3348 ,
176 3289 247 3343 Aen.
272 3297 296 3356 3,
317 3295 368 3343 249
391 3291 497 3359 pellere
520 3307 619 3359 regno;
647 3297 672 3358 8,
692 3296 743 3343 333
767 3290 878 3359 pulsum
902 3290 1003 3358 patria.
1040 3289 1105 3344 Hor.
1131 3293 1181 3344 sot.
1203 3297 1227 3358 1,
1246 3298 1271 3358 6,
1293 3299 1325 3346 13

178 3378 266 3430 regno
292 3361 398 3430 pulsus.
437 3361 517 3415 Ovid.
544 3363 610 3416 met.
631 3366 673 3428 1o,
692 3366 744 3414 486
771 3361 908 3415 ainbobus
931 3361 1030 3430 pellite
1053 3361 1155 3430 regnis.
1191 3362 1325 3417 Adscive·

177 3434 244 3485 runt
272 3432 345 3485 hanc
373 3433 611 3487 constructionem
640 3433 736 3501 Nepos
764 3432 864 3500 (Alcib.
890 3438 914 3497 6,
934 3439 958 3487 4.
992 3432 1087 3501 Pelop.
1108 3438 1136 3498 1,
1156 3434 1197 3500 4),
1226 3435 1325 3501 postea

176 3502 276 3558 Livius
297 3509 320 3570 1,
336 3509 379 3569 40,
395 3510 411 3558 2
431 3506 470 3572 (66
489 3504 581 3572 patrio
596 3521 684 3573 regno
703 3503 809 3573 pulsos)
828 3504 857 3557 et
870 3503 1020 3571 Pompeius
1035 3505 1143 3572 Trogus
1162 3505 1323 3574 (1661111667)

175 3580 205 3642 2,
229 3581 258 3640 9,
279 3581 302 3628 6.
332 3579 362 3642 8,
382 3581 410 3641 6,
430 3581 460 3642 4,
488 3575 591 3629 Caesar
616 3577 717 3632 autem.
737 3574 815 3628 nulla
840 3573 1004 3643 exceptione
1030 3573 1143 3644 scripsit
1165 3591 1252 3644 regno
1279 3592 1324 3629 ex·

175 3644 299 3714 pellere,
318 3644 387 3700 item
408 3645 503 3700 Cicero
519 3647 548 3700 et
567 3646 717 3700 Sallustius
732 3645 790 3714 lug.
809 3651 851 3715 14,
866 3651 895 3712 2,
915 3662 965 3699 nec
984 3645 1067 3700 aliter
1081 3643 1177 3698 Attius
1191 3645 1220 3699 in
1235 3645 1323 3701 Bruto

174 3723 210 3771 34
235 3717 268 3770 R.
297 3718 403 3786 (Teque
426 3734 512 3788 regno
536 3717 679 3786 expellat).
721 3715 849 3771 Ceterum
874 3717 960 3771 verbo
982 3715 1105 3786 simplici
1128 3716 1321 3786 praecedente,

174 3788 334 3912 eolrnppsiqo
354 3789 488 3913 sequentes
508 3789 537 3842 et
556 3787 689 3930 mimis
703 3789 745 3842 vis
765 3790 931 3913 augetqfet
949 3789 1090 3842 sententia
1109 3787 1321 3913 meliqreclau·

173 3875 239 3914 sna
277 3878 305 3913 111
321 3878 360 3915 ur.
389 3889 422 3900 -
450 3877 514 3915 cro
534 3877 566 3914 ac
583 3877 613 3916 re
645 3876 660 3913 e
716 3875 841 3914 rovrnora
898 3875 968 3925 1166,
1008 3877 1072 3914 66111
1091 3876 1237 3914 ervroorr
1257 3877 1321 3915 con·

172 3934 298 3985 cesserat
317 3929 410 4000 Scipio
430 3877 533 3999 (Cassi
538 3931 591 3987 Dio
611 3937 654 3998 43,
673 3878 737 3984 3pet
757 3932 783 3999 9)
803 3933 831 3985 61
851 3948 937 3998 regno
956 3878 1114 3985 Niimidiae.
1140 3962 1173 3970 -
1198 3937 1213 3985 9
1233 3949 1259 3986 66
1278 3949 1319 3988 re·

172 4004 264 4072 cepere
283 4044 289 4056 .
309 4045 316 4057 .
335 4044 341 4056 .
362 4001 492 4074 obducit]
511 4001 598 4057 Recte
616 4000 770 4056 infinitivus
789 4002 939 4056 historicus
964 4002 998 4055 de
1019 4001 1128 4058 actione
1147 4000 1319 4070 continuata,

171 4073 330 4196 perfeqtqm
348 4072 496 4128 indicativi
514 4074 549 4127 de
568 4073 655 4128 semel
673 4072 761 4126 facta:
787 4074 916 4127 similiter
936 4079 978 4140 61,
998 4080 1013 4127 2
1033 4091 1061 4128 66
1082 4073 1206 4128 66616116
1226 4073 1320 4144 coepit

276 4161 388 4199 emere.

264 4214 314 4271 26.
343 4221 376 4269 14
394 4216 499 4289 ipsam]
519 4216 556 4269 Ut
574 4215 608 4269 de
628 4215 791 4285 Pythagora
809 4212 863 4268 hoc
882 4213 1048 4282 pronomine
1067 4209 1176 4285 (αὐτός,
1204 4215 1321 4280 Quintil.

173 4293 217 4350 11,
235 4292 259 4353 1,
280 4287 470 4355 2716616661
489 4286 633 4356 discipuli,
652 4283 727 4340 servi
745 4285 780 4338 de
799 4285 913 4339 domino
934 4285 963 4338 et
976 4285 1091 4340 domina
1108 4285 1194 4356 (ipsa;
1215 4287 1245 4339 in
1264 4306 1320 4344 ser·

169 4373 256 4412 mona
275 4357 431 4412 amantium
449 4357 568 4428 Ipsinra,
588 4356 750 4427 lpsimilla),
775 4357 815 4410 sic
836 4354 982 4410 Caesarem
1002 4372 1114 4426 quoque
1133 4353 1199 4411 κατ’
1220 4353 1321 4430 ἐξοχήν

168 4427 703 4555 11681616616166616116161116661.
732 4425 773 4482 cf.
794 4427 829 4482 ad
851 4433 895 4497 44,
914 4433 930 4480 3
950 4425 1012 4494 ille,
1041 4428 1067 4482 b.
1087 4429 1165 4499 Hisp.
1186 4436 1211 4499 3,
1232 4437 1247 4484 6
1267 4431 1321 4502 ipsi

168 4527 206 4548 -—-
250 4515 396 4556 6666116111.
