3312 5130
354 383 418 448 138
757 382 907 439 BELLUM
924 383 1095 440 Ararcun.

352 547 394 613 ob
417 548 477 612 has
506 569 620 612 causas
649 547 768 631 oppido
796 547 1049 631 prohibuerunt,
1077 548 1162 632 quod
1190 548 1274 613 bello
1304 553 1419 615 contra
1441 574 1493 634 po·

351 639 465 722 pulum
488 636 671 701 Romanum
696 640 846 720 suscepto
869 637 904 700 in
926 637 1046 722 oppido
1066 637 1183 702 Zamae
1206 639 1304 723 lignis
1329 641 1492 724 congestis

352 726 527 790 maximam
560 727 594 789 in
623 725 728 790 medio
755 725 828 790 foro
856 748 970 809 pyram
1003 730 1240 810 construxerat,
1272 731 1322 809 ut,
1354 728 1383 792 si
1411 728 1492 792 forte

353 815 440 879 bello
469 814 555 879 foret
582 817 767 899 superatus,
800 814 950 879 omnibus
982 816 1079 880 rebus
1108 838 1145 880 eo
1174 817 1388 900 coacervatis,
1421 819 1493 882 dein

353 904 479 969 civibus
493 903 626 969 ,0000110
651 903 831 968 101011001ἰο
861 903 1036 987 eodemque
1063 904 1217 988 proiectis
1245 907 1321 990 igue
1349 906 1522 974 subiectat

351 998 422 1057 tum
451 993 579 1056 demum
609 1015 642 1056 se
670 993 740 1076 ipse
767 993 900 1076 insuper
926 993 1123 1058 interficeret
1150 996 1246 1078 atque
1274 1016 1338 1058 una
1362 1017 1435 1060 cum
1458 996 1493 1060 li-

352 1083 454 1166 beris,
478 1081 683 1166 coniugibus,
712 1081 836 1146 civibus
865 1086 1042 1166 cunctaque
1069 1103 1150 1166 gaza
1172 1083 1265 1168 regia
1288 1090 1493 1150 cremaretur.

317 1171 528 1254 3Postquam
558 1170 640 1235 Iuba
664 1174 746 1235 Ι0010
773 1175 886 1254 portas
915 1170 969 1235 diu
1003 1171 1205 1255 multumque
1232 1172 1374 1257 primum
1397 1174 1493 1238 minis

351 1283 411 1344 pro
435 1259 572 1345 imperio
592 1260 713 1344 egisset
737 1282 810 1324 cum
830 1259 1054 1344 Zamensibus,
1079 1261 1205 1343 deinde,
1229 1283 1300 1325 eum
1322 1284 1355 1326 se
1378 1285 1493 1346 parum

351 1349 507 1435 proficere
530 1349 758 1432 intellexisset,
782 1349 930 1432 precibus
955 1353 1094 1434 orasset,
1124 1350 1171 1414 uti
1194 1371 1228 1414 00
1252 1350 1293 1414 ad
1317 1373 1393 1416 suos
1418 1353 1493 1416 deos
1513 1370 1538 1417 10

350 1442 483 1522 penates
513 1437 740 1521 admitterent,
768 1437 824 1502 ubi
853 1460 907 1502 eos
935 1442 1082 1523 perstare
1105 1438 1138 1502 in
1164 1440 1325 1504 sententia
1349 1441 1494 1504 animad-

350 1527 449 1591 vertit
482 1529 553 1607 [nec
584 1527 680 1591 minis
710 1548 769 1590 neo
799 1526 949 1610 precibus
973 1528 1041 1592 suis
1070 1527 1208 1610 moveri,
1239 1550 1302 1611 quo
1332 1529 1438 1614 magis
1464 1553 1494 1594 se
1583 1557 1587 1566 ·

350 1617 559 1700 reciperent]
588 1617 688 1680 tertio
712 1615 796 1700 petit
820 1615 861 1680 ab
885 1617 945 1699 eis,
975 1619 1012 1680 ut
1041 1616 1104 1681 sibi
1132 1617 1285 1700 coniuges
1310 1618 1495 1702 liberosque

314 1705 532 1782 rredderent,
565 1709 601 1768 ut
634 1727 742 1770 secum
775 1727 830 1770 000
864 1709 1057 1788 asportaret.
1111 1706 1289 1790 Postquam
1321 1706 1385 1770 sibi
1414 1707 1495 1771 nihil

349 1795 481 1859 omnino
510 1793 690 1878 oppidanos
718 1794 865 1878 responsi
901 1794 1031 1858 reddere
1062 1794 1305 1876 animadvertit,
1335 1796 1427 1860 nulla
1462 1820 1495 1861 re
1515 1814 1541 1860 15

349 1885 390 1947 ab
422 1883 474 1948 his
503 1883 679 1966 impetrata
708 1883 748 1946 ab
778 1883 877 1947 Zama
905 1883 1042 1947 discedit
1071 1887 1167 1968 atque
1196 1885 1235 1948 ad
1265 1885 1379 1949 villam
1403 1908 1495 1950 suam

350 1995 422 2036 0001
448 1971 519 2052 [M.]
546 1972 672 2036 Petreio
695 1971 869 2056 paucisque
893 1972 1057 2055 equitibus
1081 1995 1115 2036 se
1139 1974 1272 2037 0001011.

316 2077 329 2123 1
439 2058 498 2126 92.
529 2060 703 2125 Zamenses
722 2061 852 2126 interim
871 2061 1000 2145 legatos
1020 2061 1058 2125 de
1076 2061 1128 2126 his
1147 2063 1243 2127 rebus
1264 2063 1304 2127 ad
1324 2061 1494 2128 Caesarem

441 2295 456 2343 5
476 2287 609 2344 coniectis
628 2289 654 2342 L
671 2291 681 2358 ΙΙ
699 2296 715 2344 6
735 2289 782 2343 *00
800 2289 860 2358 ipse
879 2289 975 2344 ΔΗΕ
983 2290 1077 2354 Vna
1100 2290 1161 2358 ipsc
1180 2308 1209 2344 se
1228 2290 1289 2345 LP
1307 2294 1317 2360 ΙΙ
1336 2299 1350 2345 7
1370 2293 1496 2361 coniugi-

349 2360 401 2414 bus
420 2359 517 2414 liberis
536 2361 565 2414 D
588 2364 597 2430 l]
620 2368 636 2416 8
654 2359 795 2429 *primum
815 2362 856 2429 L;
874 2361 963 2430 primo
983 2361 1010 2414 R
1032 2363 1042 2429 ]
1065 2365 1081 2413 9
1100 2361 1223 2416 *deinde
1242 2362 1342 2429 aba
1362 2363 1428 2417 dein
1442 2365 1470 2418 R
1489 2373 1492 2419 t

355 2437 387 2486 10
407 2449 435 2485 se
455 2449 504 2487 ora.
525 2433 550 2485 L
577 2435 586 2502 ΙΙ
614 2437 645 2484 11
667 2433 828 2486 amitterent
846 2433 872 2484 A
896 2434 905 2500 ΙΙ
932 2431 1080 2500 persistere
1099 2433 1125 2486 L
1153 2433 1162 2500 [Ι
1191 2439 1222 2485 12
1234 2433 1325 2503 ,*[000
1345 2433 1494 2490 101010...

352 2503 522 2574 reciperent]
545 2505 707 2558 iuclusimus
739 2505 748 2572 ]
782 2509 814 2556 13
839 2503 953 2556 tertium
976 2504 1006 2556 D
1021 2521 1066 2573 pr.
1085 2521 1119 2558 ru.
1147 2507 1157 2572 ΙΙ
1190 2507 1420 2573 transportaret
1446 2507 1495 2578 V]

354 2580 385 2628 15
403 2575 543 2645 responsi]
563 2573 693 2642 respondi
713 2577 742 2641 3;
766 2590 928 2643 responsum
949 2575 977 2629 R
999 2575 1008 2642 ΙΙ
1031 2592 1193 2644 responsum
1215 2575 1371 2644 oppidanos
1390 2577 1417 2630 L
1436 2578 1446 2645 ΙΙ
1466 2595 1495 2630 10

352 2663 401 2701 om.
427 2645 485 2699 UF
509 2648 519 2714 ΙΙ
549 2645 879 2717 17*[11.]0’0010110100,·
904 2661 953 2699 our.
974 2647 1037 2700 LV
1061 2649 1070 2714 ΙΙ
1098 2645 1238 2713 equitibus
1261 2647 1288 2698 L
1313 2649 1386 2702 iuter
1404 2665 1496 2703 vasus

349 2733 394 2784 pr.
412 2719 515 2784 001100
534 2715 642 2771 confert
660 2717 690 2770 1)
708 2733 776 2772 corr.
798 2719 826 2781 33
848 2717 955 2771 confert
974 2734 1003 2771 se
1022 2719 1066 2781 Α,-
1085 2717 1193 2772 confert
1211 2717 1304 2772 PUF
1313 2719 1371 2771 VD
1387 2737 1430 2786 pr.
1446 2736 1496 2788 ru.;

352 2788 406 2841 iter
425 2786 546 2842 confecit
565 2788 591 2842 L
617 2788 626 2856 ΙΙ
655 2793 688 2841 18
708 2788 855 2842 Zamenses
874 2805 924 2843 our.
944 2787 972 2841 A
999 2790 1008 2857 ΙΙ
1036 2789 1070 2842 de
1089 2789 1132 2842 his
1151 2788 1233 2842 rebus
1252 2787 1363 2858 legatos
1383 2792 1410 2845 L

351 3017 414 3053 cum
434 3001 518 3055 verbo
537 3001 623 3055 finito.
643 3033 678 3042 -
699 3008 711 3054 1
733 3002 1064 3074 01101000001]--011
1083 3004 1154 3056 hanc
1174 3019 1299 3069 00000ος
1319 3002 1495 3071 01110173,1,

352 3103 381 3110 -—
399 3074 531 3140 2000100
551 3072 666 3144 Zaruae]
685 3071 719 3127 de
734 3073 865 3141 genetivo
880 3072 914 3126 ef.
931 3075 1055 3141 011312
1076 3074 1180 3144 oppido
1195 3073 1346 3144 Thysdrae.
1363 3106 1396 3116 -
1410 3082 1425 3128 3
1441 3095 1496 3146 py-

349 3143 423 3212 ram]
443 3142 468 3196 b.
489 3142 568 3212 Hisp.
588 3149 631 3212 33,
647 3151 671 3197 3.
686 3150 714 3210 43
739 3144 906 3199 vccabulum
928 3161 945 3198 0
963 3143 1103 3213 Vergilio,
1128 3144 1241 3212 Ouidio,
1267 3145 1394 3201 Vitruvio
1416 3165 1496 3200 usur·
1525 3171 1527 3174 ·
1628 3171 1629 3176 ¹

350 3214 457 3282 patum.
490 3214 591 3269 Parum
609 3218 684 3269 10010
700 3215 812 3269 Servius
829 3216 865 3269 ad
879 3214 947 3270 100.
964 3221 1005 3280 11,
1017 3221 1067 3270 181
1083 3233 1180 3285 pyram
1200 3233 1259 3271 esse
1274 3216 1413 3288 lignorum
1428 3235 1498 3272 con·
1628 3243 1629 3250 ¹

349 3282 464 3352 geriem,
483 3303 582 3355 rogum
602 3286 670 3354 dici,
695 3303 757 3340 cum
775 3285 832 3340 iam
852 3287 948 3341 ardere
968 3287 1104 3356 coeperit,
1124 3289 1172 3342 sad
1190 3288 1244 3343 hoc
1263 3289 1423 3355 utebantur,
1445 3290 1497 3358 qui

350 3356 491 3422 consulto,
518 3358 654 3425 quantum
680 3358 741 3411 fieri
767 3360 874 3427 posset,
899 3375 917 3412 a
939 3357 1033 3412 vorbis
1058 3357 1167 3427 graecis
1192 3360 1380 3427 abstinerent,
1404 3361 1498 3415 veluti

349 3427 453 3484 Cicero.
483 3460 516 3467 —
546 3434 729 3498 tenuataque
751 3430 832 3500 para]
856 3430 899 3482 101
920 3430 1054 3498 seriptum
1078 3432 1154 3496 0011
1176 3433 1418 3497 10120000100,
1444 3434 1497 3486 sed

349 3499 393 3552 bis
412 3499 563 3554 variandae
582 3500 716 3555 orationis
735 3501 834 3569 gratia,
854 3506 870 3565 1
886 3507 899 3553 1
916 3503 1016 3555 000010
1035 3517 1121 3571 ragno
1140 3518 1249 3556 0100001
1269 3502 1424 3570 pecuniam,
1445 3509 1495 3568 §2

350 3569 479 3624 omnibus
498 3572 581 3625 rebus
653 3571 761 3625 civibus
781 3571 896 3625 cunctis.
922 3602 955 3611 —
978 3574 1152 3643 cremaretur]
1173 3574 1318 3642 tamquam
1342 3572 1497 3628 01101801-

349 3640 514 3712 danapalus.
539 3673 573 3682 -
597 3648 613 3696 8
632 3644 755 3712 prtrauru
827 3643 935 3713 deiude]
953 3648 994 3710 19,
1010 3650 1034 3699 3.
1054 3650 1136 3712 24,1,
1159 3675 1194 3684 -
1217 3650 1233 3699 9
1248 3661 1301 3714 pre
1319 3645 1446 3715 imperio]
1465 3645 1498 3699 id

349 3714 393 3766 ast
415 3713 494 3781 regio
518 3712 577 3768 iure
602 3731 676 3767 usus.
707 3746 738 3753 —
770 3719 802 3768 10
820 3715 949 3782 precibus
967 3714 1080 3786 orasset]
1101 3713 1226 3770 variatae
1244 3733 1333 3785 genus
1352 3715 1498 3784 quoddam

349 3783 454 3850 figurae
473 3785 679 3854 etymologicus
699 3812 732 3830 =
751 3785 880 3854 precibus
899 3787 1020 3854 precari;
1040 3790 1147 3855 priscae
1166 3789 1261 3841 autem
1280 3787 1427 3842 latinitatis
1448 3806 1497 3842 co-

348 3855 437 3907 lorem
463 3855 603 3923 imitatur,
632 3857 706 3924 quod
735 3856 939 3910 substantivum
965 3857 1102 3916 attributo
1129 3860 1216 3912 caret:
1246 3857 1356 3926 Cicero,
1381 3857 1497 3926 Caesar,

348 3924 445 3978 Livius
464 3925 602 3993 omnibus,
621 3927 727 3994 multis,
747 3927 849 3982 infimis
865 3927 995 3998 precibus
1009 3945 1097 3984 01010.
1126 3927 1166 3984 Cf.
1180 3929 1331 4000 Landgraf,
1351 3931 1409 3982 Act.
1424 3947 1496 3986 sem.

348 3995 461 4066 Erlang.
478 3996 558 4052 1128.
581 4029 611 4037 -
635 4004 665 4051 11
682 4000 816 4069 perstare]
837 3999 939 4054 Caesar
954 4005 978 4067 7,
994 4005 1067 4067 26,4
1087 3999 1135 4054 ubi
1154 4017 1201 4054 ecs
1220 4000 1249 4054 in
1271 4000 1411 4055 sententia
1427 4017 1497 4068 per-

348 4069 423 4122 stare
448 4067 592 4136 viderunt3
611 4068 666 4123 Cic.
687 4089 712 4140 p.
733 4071 814 4125 Rosa.
834 4087 903 4125 com.
924 4077 970 4125 56:
994 4071 1143 4140 persistere
1161 4089 1217 4126 non
1241 4070 1310 4125 satis
1333 4071 1498 4126 defenditur

347 4139 410 4194 loeo
429 4139 503 4193 Livii
522 4145 564 4208 38,
585 4146 626 4207 14,
648 4147 688 4208 13,
707 4140 812 4210 quippo
836 4159 890 4210 quo
914 4160 986 4196 nuuc
1007 4143 1147 4211 ‘perstare
1170 4142 1200 4197 in
1223 4141 1361 4212 pertinaci
1380 4142 1498 4199 simula-

348 4209 441 4266 tione'
466 4209 629 4267 restitutum
653 4211 698 4266 sit.
723 4243 756 4252 —
782 4215 946 4281 1211100011,
968 4231 1022 4283 quo
1046 4215 1144 4337 mapr's]
1169 4213 1266 4269 Asinio
1290 4213 1337 4267 vix
1360 4215 1499 4282 imputari

349 4281 451 4346 potest.
473 4313 505 4322 -
528 4289 559 4336 14
574 4285 739 4355 asportaret]
754 4310 787 4330 =
803 4286 1004 4353 000-00110101
1024 4285 1049 4340 b.
1065 4287 1088 4338 A
1102 4302 1143 4340 ex.
1160 4291 1201 4353 78,
1217 4292 1245 4340 21
1264 4283 1404 4354 significat
1416 4288 1499 4352 apud

348 4351 480 4406 Plautum
499 4370 531 4408 ac
548 4355 708 4409 Terentium
726 4357 755 4408 10
770 4355 897 4424 regiones
913 4355 1080 4424 longinquas
1097 4373 1248 4424 removere,
1269 4374 1354 4424 quare
1374 4354 1417 4410 his
1430 4374 1497 4411 ver-

348 4422 392 4476 bis
411 4423 558 4478 oousilium
577 4425 688 4479 Africae
707 4426 906 4495 relinquendae
927 4427 1106 4496 significatur.
1130 4459 1165 4468 -
1189 4435 1221 4483 17
1242 4445 1301 4483 cum
1322 4428 1439 4498 Petreio]
1463 4431 1500 4482 ut

349 4498 408 4557 §13
427 4494 506 4549 nulla
523 4495 570 4548 hic
589 4494 644 4550 fuir
663 4513 748 4550 00000
767 4497 887 4552 addendi
907 4499 1104 4568 praenominis.
