3288 5124
681 363 757 419 GAP.
777 370 891 420 48-50.
1316 365 1359 430 83

214 552 344 593 necesse
369 551 437 592 esse
461 529 643 594 convallem
668 529 887 613 olivetumque
910 529 1105 613 transgredi,
1134 551 1243 592 eorum
1273 530 1358 594 loco·

214 642 285 681 rum
310 618 433 703 peritus
457 617 490 680 in
514 617 640 681 insidiis
660 640 730 681 eum
752 623 842 700 parte
862 619 1027 702 equitatus
1046 618 1172 702 levique
1192 621 1359 682 armatura

214 707 369 784 consedit,
386 710 419 770 et
434 710 602 790 praeterea
617 709 691 788 post
705 711 849 771 montem
865 707 1072 790 [collemque]
1089 705 1233 786 [Caesari
1248 709 1358 771 subito

214 819 248 860 se
272 794 471 875 ostenderet]
496 795 620 878 equites
644 796 677 858 in
702 797 829 860 occulto
853 796 1089 876 conlocaverat,
1118 801 1166 879 ut,
1190 817 1263 859 cum
1290 799 1358 878 ipse

175 905 253 950 tex
281 885 448 967 inproviso
476 884 675 969 legionarios
705 885 838 948 adortus
871 888 972 968 esset,
1005 906 1042 947 ex
1071 884 1153 948 colle
1184 884 1293 949 subito
1324 907 1358 948 se

214 975 378 1057 equitatus
403 973 601 1055 ostenderet,
630 977 662 1036 et
690 995 725 1037 re
749 973 869 1058 duplici
898 974 1110 1056 perturbatus
1135 972 1255 1038 Caesar
1278 973 1359 1037 eius-

213 1084 276 1146 que
301 1063 458 1125 exercitus
478 1083 581 1145 neque
605 1067 693 1126 retro
712 1062 919 1148 regrediundi
937 1083 1040 1145 neque
1058 1061 1146 1126 ultra
1164 1062 1358 1147 procedendi

213 1151 326 1215 oblata
358 1151 515 1214 facultate
548 1151 785 1214 circumventus
819 1151 1048 1215 concideretur.
1103 1149 1224 1215 ansar
1257 1154 1394 1234 [post-3

213 1243 324 1324 quam]
357 1241 505 1322 equitatu
534 1243 608 1302 ante
638 1241 816 1322 praemisso
847 1240 968 1304 inscius
999 1240 1189 1303 insidiarum
1219 1263 1292 1305 oum
1320 1241 1360 1305 a'd

154 1350 190 1397 10
214 1350 289 1392 eum
313 1329 420 1392 locum
439 1329 594 1410 venisset,
619 1329 796 1392 adversarii
820 1329 888 1393 sive
913 1329 1008 1392 obliti
1031 1333 1283 1413 praeceptorum
1302 1329 1359 1394 La-

212 1417 300 1480 bieni
333 1419 400 1480 sive
429 1417 537 1496 veriti,
571 1440 610 1480 ne
640 1418 674 1480 in
706 1416 796 1482 fossa
825 1418 865 1481 ab
896 1417 1059 1501 equitibus
1090 1420 1360 1502 opprimerentur,

212 1505 279 1570 rari
313 1528 350 1570 ac
383 1505 504 1591 singuli
537 1506 575 1569 de
613 1529 690 1589 rupe
729 1506 857 1590 prodire
891 1511 923 1568 et
960 1529 1086 1570 summa
1116 1516 1226 1590 petere
1259 1508 1358 1572 collis

214 1595 302 1670 Quos
326 1594 475 1661 Caesaris
495 1594 619 1678 equites
643 1595 811 1659 consecuti
828 1596 950 1678 partim
968 1595 1214 1677 interfecerunt,
1238 1598 1359 1680 partim
1378 1618 1394 1664 4

211 1684 360 1749 vivorum
384 1687 461 1747 sunt
485 1683 594 1766 potiti,
624 1683 738 1746 deinde
767 1683 915 1766 protinus
944 1685 1059 1748 collem
1089 1688 1197 1767 petere
1229 1690 1360 1749 conten-

152 1794 188 1842 15
212 1773 329 1836 derunt
344 1776 441 1856 atque
457 1795 528 1836 eum
545 1772 678 1837 decusso
694 1773 829 1836 Labieni
848 1773 1009 1856 praesidio
1025 1774 1171 1837 celeriter
1185 1796 1359 1858 occupave-

211 1866 297 1926 runt.
316 1861 477 1925 Labienus
489 1884 561 1925 curn
576 1865 669 1945 parte
684 1863 830 1945 equitum
841 1862 894 1926 vix
905 1862 983 1945 fuga
998 1863 1059 1926 sibi
1070 1865 1198 1946 peperit
1212 1864 1360 1928 salutem.

291 2061 318 2107 ·1
337 2071 450 2110 necesse
470 2069 530 2108 esse
552 2051 729 2118 dioecesium
749 2069 861 2108 necesse
878 2054 899 2106 O
918 2057 928 2122 ΙΙ
946 2054 1077 2124 progredi
1096 2055 1124 2110 A
1141 2059 1151 2125 l
1173 2062 1189 2109 2
1208 2055 1320 2124 levique
1335 2056 1361 2109 L

210 2129 537 2181 circamanentes
568 2127 577 2195 ΙΙ
607 2131 623 2177 3
649 2127 680 2178 ut
697 2129 846 2193 praeterea
863 2125 926 2180 AD
950 2143 1018 2180 corr.
1051 2129 1060 2196 ΙΙ
1093 2127 1297 2198 *[collemqne]
1316 2131 1359 2181 ta-

211 2199 359 2262 orntum·
389 2196 500 2265 eollcsq.
524 2198 550 2250 A
576 2197 618 2264 (id
642 2202 679 2250 est
703 2197 872 2264 collemque,
901 2203 932 2251 ut
955 2203 993 2250 cst
1015 2201 1047 2250 in
1070 2199 1114 2263 δ),·
1142 2199 1283 2265 collesque
1306 2199 1335 2252 R
1351 2197 1361 2270 Η

215 2268 342 2340 [Caesari
366 2311 372 2322 .
393 2309 399 2320 .
421 2311 426 2322 .
451 2266 625 2338 ostenderet]
654 2268 704 2322 del.
732 2268 838 2334 Aldus,-
870 2266 963 2321 subito
997 2285 1026 2321 se
1058 2266 1171 2322 Caesari
1200 2269 1361 2323 ostenderet

212 2341 240 2394 A
251 2339 279 2393 U
282 2339 313 2393 F
322 2340 395 2408 VD;
414 2338 526 2394 Caesari
547 2356 575 2392 se
595 2339 688 2392 subito
708 2338 870 2392 ostenderet
889 2339 948 2392 LP
967 2341 976 2406 ΙΙ
999 2343 1016 2390 4
1036 2343 1064 2392 ct
1083 2342 1191 2407 equites
1215 2340 1274 2393 UF
1280 2341 1338 2394 VD
1352 2343 1360 2410 ll
1420 2349 1422 2354 ’

211 2418 228 2465 t
247 2410 363 2464 *subito
386 2412 435 2464 too
454 2412 511 2464 loco
529 2410 661 2476 Dabam
683 2411 715 2462 ia
733 2411 810 2463 codd.
829 2425 915 2477 supra
933 2415 1044 2464 oersa3
1063 2413 1195 2479 scriptum
1214 2419 1252 2464 est
1270 2417 1279 2479 ΙΙ
1297 2418 1313 2465 6
1333 2413 1361 2464 et

211 2483 378 2546 Martialium
397 2485 429 2535 ut
449 2482 471 2534 0
494 2484 504 2550 [1
528 2489 542 2535 ’1
562 2479 741 2548 regredinnrli
756 2482 796 2545 A,
815 2486 840 2557 et
858 2481 922 2546 fort.
942 2480 1014 2546 ΠΕ·
1033 2482 1217 2548 regredeundi
1238 2483 1276 2546 P;
1296 2499 1360 2551 gre-

210 2551 318 2607 deundi
337 2552 363 2604 L
369 2573 379 2618 ;
397 2551 577 2620 regrediendi
595 2552 648 2605 Do
671 2558 680 2620 ΙΙ
703 2552 777 2606 ultro
797 2552 822 2604 t
845 2555 854 2621 ΙΙ
876 2552 1081 2624 progrccdendi
1101 2553 1137 2620 P,
1160 2552 1361 2620 progrediundi

215 2643 243 2694 V
267 2645 277 2712 ΙΙ
306 2641 439 2694 Sublata
460 2643 482 2693 Α
517 2641 526 2708 l
558 2640 755 2710 *[postquam]
775 2657 825 2694 om.
845 2641 894 2693 tr
925 2626 940 2706 l·
969 2646 1002 2693 10
1019 2639 1194 2694 *adversarii
1214 2641 1361 2708 Proitou,-

210 2715 293 2766 abnsi
316 2712 355 2780 0,·
374 2712 463 2766 abditi
482 2712 686 2780 Nipperdeias;
705 2709 767 2764 ansi
786 2713 852 2764 sunt
870 2711 1002 2776 Balbum,-
1025 2712 1134 2780 equitas
1153 2719 1218 2781 post
1236 2716 1361 2766 montem

210 2784 303 2838 abditi
331 2784 430 2837 Noodlr
461 2783 471 2851 ll
504 2781 619 2837 Labieni
648 2781 719 2852 sive]
748 2782 886 2836 Labienus
914 2783 941 2836 A
973 2786 984 2851 l
1018 2789 1049 2836 12
1078 2800 1216 2837 summam
1245 2783 1330 2836 LVo
1351 2783 1362 2856 {l

211 2860 245 2908 14
267 2857 389 2910 virorum
410 2857 434 2906 A
458 2857 468 2923 11
494 2860 526 2908 16
546 2853 690 2922 equitatus
710 2853 735 2906 L

209 2976 425 2984 μὴ

209 3051 364 3106 variandae
384 3050 518 3104 orationis
538 3068 623 3104 cansa
642 3050 765 3118 positum
784 3066 834 3116 pro
856 3049 972 3104 ‘collem
982 3051 999 3120 ’,
1024 3049 1079 3104 nisi
1103 3050 1178 3106 forte
1202 3050 1244 3106 ita
1269 3069 1359 3106 emen·

210 3122 334 3176 dandum
361 3125 412 3177 est.
440 3153 476 3162 —
504 3128 520 3174 3
540 3127 604 3190 post
627 3121 754 3191 montem]
783 3121 959 3189 Quamquam
982 3121 1094 3175 Asinius
1117 3123 1146 3176 in
1166 3125 1219 3178 hac
1237 3125 1359 3178 locorum

211 3192 401 3261 descriptione
425 3197 586 3246 constanter
609 3193 644 3245 de
668 3209 777 3247 summo
802 3194 867 3260 iugo
892 3195 976 3276 atque
999 3192 1119 3247 collibus
1139 3193 1254 3260 dixerit,
1284 3193 1360 3262 quod

211 3265 287 3318 idem
310 3265 361 3318 Dio
380 3263 492 3319 Cassius
512 3271 555 3331 43,
570 3268 627 3330 4,4
646 3264 793 3316 confirmat
813 3282 996 3332 προχωρησας
1018 3259 1063 3316 ἐπ’
1085 3259 1173 3319 αὐτὸν
1192 3263 1263 3332 πρὸς
1276 3264 1360 3319 πόλιν

214 3333 337 3400 Οῠζίττα
357 3330 404 3388 ἐπὶ
424 3332 533 3402 λόφου
552 3334 642 3404 τινός,
666 3331 740 3403 ὑπέρ
760 3354 788 3386 τε
810 3330 920 3402 ἐκείνης
938 3336 987 3388 καὶ
1006 3332 1079 3404 ὑπὲρ
1099 3338 1148 3388 τοῦ
1169 3334 1359 3406 στρατοπέδου

211 3403 272 3476 ἅμα
287 3403 381 3460 αὐτῶν
397 3402 479 3467 ὄντος
493 3402 614 3476 ἱδρύθη,
634 3405 724 3459 mullo
742 3404 917 3473 probabilius
936 3407 1029 3459 lamen
1046 3406 1179 3460 ‘collem’
1201 3405 1374 3474 explicandi,

212 3495 299 3531 causa
318 3476 538 3546 suprascriptum
560 3495 643 3544 qnam
661 3478 773 3530 inversa
791 3476 901 3529 ratione
922 3476 1077 3530 ‘montem’
1099 3495 1116 3530 a
1135 3479 1292 3546 glossatore
1312 3480 1360 3530 ad-

212 3549 304 3602 ditum
323 3566 393 3603 esse¹
416 3579 452 3587 -
478 3553 493 3600 5
511 3549 613 3618 subito]
633 3550 688 3601 huc
707 3553 866 3602 revocatum
887 3549 981 3601 estex
1000 3552 1160 3602 correctura
1178 3547 1250 3603 falso
1269 3551 1372 3603 verbis

214 3618 431 3689 suprascriptis
455 3619 572 3673 inserta:
597 3620 747 3688 respondet
771 3620 866 3672 autem
890 3618 1055 3672 adverbium
1078 3619 1126 3684 iis,
1151 3637 1221 3687 quac
1245 3618 1360 3672 Asinius

213 3691 285 3744 dixit
304 3692 337 3746 de
357 3690 513 3744 incursione
538 3689 668 3744 Labieni:
692 3706 726 3743 ex
748 3689 901 3758 improviso
925 3691 1048 3744 adortus.
1086 3688 1124 3744 cf.
1147 3692 1224 3744 Caes.
1250 3690 1263 3742 Ι
1282 3697 1324 3756 63,
1344 3698 1359 3744 3

214 3762 322 3830 equites
336 3763 452 3830 repente
467 3777 526 3815 sese
541 3763 575 3815 ad
592 3761 773 3815 novissimum
790 3777 891 3829 agmen
906 3762 1063 3814 ostendunt.
1094 3761 1223 3814 Ceterum
1241 3760 1357 3815 ‘subito'

213 3835 242 3886 in
264 3833 338 3888 bello
357 3833 451 3887 Africo
469 3833 571 3902 viginti
590 3834 698 3886 duobus
718 3832 787 3886 locis
807 3832 939 3899 scriptum
961 3834 1015 3896 est,
1035 3836 1148 3900 repente
1168 3849 1203 3887 ns
1222 3849 1277 3886 uno
1296 3834 1357 3899 qui-

214 3906 292 3969 dem;
320 3906 418 3958 contra
441 3921 474 3958 ea
496 3903 605 3957 Hirtius
623 3905 676 3957 hoc
694 3902 841 3973 praetulit,
864 3903 934 3956 illud
962 3901 1075 3970 sprevit.
1100 3935 1133 3943 -
1158 3911 1173 3957 6
1193 3922 1222 3957 re
1240 3903 1358 3974 duplici]

213 3976 323 4048 impetu
343 3975 469 4044 ancipiti.
491 4005 523 4014 —
538 3983 559 4030 't
579 3976 768 4044 regrediendi}
788 3975 821 4026 ut
839 3980 882 4039 45,
906 3983 915 4026 l
938 3973 1065 4041 dicundi,
1090 3991 1259 4043 quamquam
1279 3981 1322 4043 49,
1344 3984 1356 4028 1

213 4047 427 4116 progrediendi,
453 4052 496 4113 50,
518 4054 530 4099 1
557 4045 789 4115 transgredienda
812 4044 842 4096 in
860 4045 1003 4099 codicibus
1023 4049 1210 4114 propagatum
1234 4049 1290 4111 est,
1315 4062 1359 4099 ac·

214 4118 302 4185 cedit,
322 4119 396 4188 quod
416 4118 585 4185 procedendi
600 4121 685 4171 verbo
706 4117 805 4168 melius
820 4117 971 4184 respondet
992 4115 1136 4185 ‘regredi’
1158 4132 1240 4183 quam
1260 4116 1359 4171 redire.

212 4221 247 4229 -
268 4196 363 4243 tante
416 4191 541 4258 nemisse]
561 4190 627 4242 ante
647 4189 683 4240 ad
701 4192 812 4254 tempus
833 4188 1016 4241 referendum.
1037 4219 1070 4226 —
1092 4193 1125 4240 lo
1144 4188 1310 4259 adversarii]
1330 4193 1362 4242 ut

213 4268 258 4328 49,
285 4266 312 4326 13
343 4259 376 4314 ‘a
397 4261 465 4313 diti'
493 4259 660 4313 substantivi
687 4260 749 4311 loco
776 4256 898 4324 positum
925 4275 981 4311 non
1008 4259 1076 4312 satis
1102 4258 1264 4312 defenditur
1289 4277 1361 4314 oom-

213 4333 313 4401 parato
331 4331 395 4385 loco
415 4330 508 4385 Taciti
528 4332 591 4384 hist.
611 4336 636 4394 4,
657 4336 669 4381 1
691 4328 808 4381 scrutari
827 4344 859 4380 uc
878 4331 1043 4397 protrahere
1061 4329 1180 4384 abditos.
1220 4329 1260 4384 cf.
1276 4333 1358 4384 Arch.

213 4405 267 4458 lex.
288 4406 336 4456 lat.
359 4403 395 4456 lli
414 4408 474 4458 479.
501 4433 531 4440 -
559 4407 592 4454 14
614 4403 737 4456 uicorum
758 4400 854 4469 potiti]
876 4403 908 4452 ut
926 4404 1004 4470 out
1029 4399 1156 4455 vivorum
1180 4401 1263 4471 potiti
1283 4407 1359 4470 sunt3

215 4479 258 4542 18,
277 4479 294 4527 4
313 4473 441 4541 collinm;
462 4479 532 4541 tar
554 4472 642 4527 cuius.
662 4502 696 4510 -
716 4477 749 4524 15
769 4471 879 4524 decusso
893 4473 1049 4543 pracsidio]
1069 4473 1233 4527 insolentius
1253 4472 1358 4526 dictum

1112 4561 1148 4616 6*
