3288 5124
293 319 337 383 60
692 319 842 376 BELLUM
860 319 1031 378 nauicula.

293 482 344 546 die
367 482 400 545 in
424 485 555 566 portum
574 483 614 546 ad
637 483 830 568 Ruspinam,
853 485 909 549 ubi
929 483 1049 550 Caesar
1068 488 1176 550 castra
1199 485 1366 570 babuerat,
1389 487 1437 551 in-

259 587 274 634 6
295 572 437 636 columes
456 577 679 655 pervenerunt.
712 571 764 638 Ita
784 571 905 638 Caesar
923 573 1043 656 duplici
1062 574 1189 638 laetitia
1209 599 1245 640 ao
1268 577 1437 659 voluptate

295 683 357 724 uno
377 666 523 746 ternpore
548 664 675 745 auctus,
699 662 861 726 frumento
882 662 1090 746 auxiliisque,
1113 663 1245 728 tandem
1265 664 1330 729 suis
1354 665 1438 730 hila-

293 751 373 814 ratis
398 772 590 834 annonaque
609 751 718 816 levata
738 751 989 816 sollicitudinem
1009 752 1155 838 deponit,
1178 753 1324 838 legiones
1348 754 1438 838 equi·

293 843 407 922 tesque
431 861 469 902 ex
487 839 625 904 navibus
649 861 798 924 egressos
818 841 907 905 iubet
930 863 969 905 ex
987 841 1145 926 languore
1163 842 1340 926 nausiaque
1363 844 1438 907 refi-
1461 858 1480 906 5

293 950 377 1011 cere,
401 927 551 992 dimissos
575 931 609 992 in
633 930 768 993 castella
791 929 1053 1014 munitionesque
1077 930 1231 1014 disponit.

259 1033 271 1079 1
382 1016 441 1083 35.
470 1015 593 1092 Quibus
612 1019 707 1082 rebus
728 1017 845 1102 Scipio,
864 1020 982 1102 quique
1001 1041 1074 1083 cunr
1093 1041 1130 1083 eo
1150 1024 1243 1084 erant
1263 1020 1439 1103 [comites]

292 1106 402 1170 mirari
423 1109 455 1170 et
474 1106 649 1190 requirere:
682 1106 717 1172 O.
732 1106 918 1194 Caesarem,
937 1108 993 1192 qui
1010 1109 1092 1172 ultro
1108 1111 1297 1174 consuesset
1312 1109 1439 1173 bellum

291 1194 410 1259 inferre
442 1218 480 1259 ac
512 1195 668 1260 lacessere
701 1196 839 1278 proeli0,
872 1197 981 1262 subito
1010 1201 1244 1262 commutatum
1272 1220 1336 1262 non
1364 1198 1438 1262 sine

257 1299 410 1370 amagno
440 1284 575 1349 consilio
604 1285 861 1368 suspicabantur.
910 1285 1025 1370 Itaque
1053 1308 1091 1350 ex
1119 1286 1187 1350 eius
1215 1287 1373 1371 patientia
1402 1287 1440 1350 in
1464 1304 1503 1352 10

291 1394 447 1456 magnum
476 1373 629 1438 timorem
660 1374 797 1439 coniecti
826 1397 865 1439 ex
889 1374 1036 1440 Gaetulis
1065 1375 1158 1458 duos,
1191 1397 1273 1459 quos
1297 1375 1439 1440 arbitra-

292 1463 412 1528 bantur
430 1463 497 1527 suis
511 1463 608 1528 rebus
623 1463 850 1547 amicissimos,
874 1464 1001 1549 magnis
1021 1464 1174 1548 praemiis
1189 1465 1436 1548 pollicitationi·

380 1645 395 1690 3
415 1637 554 1692 frumento
574 1636 741 1706 auxiliisque
755 1639 806 1692 del.
820 1637 931 1705 Nouii,
950 1640 1014 1705 fort.
1029 1640 1129 1694 rectius
1150 1641 1160 1709 ]
1182 1640 1242 1693 tam
1257 1638 1368 1694 densius
1384 1640 1409 1692 A
1426 1643 1438 1711 ΙΙ

291 1708 429 1763 hilaratus
453 1708 558 1778 UFD;
585 1708 748 1763 exhilaratis
768 1709 870 1764 Diales
901 1709 911 1778 ΙΙ
943 1716 959 1762 4
983 1727 1149 1780 annonaque
1174 1712 1267 1766 levata
1286 1712 1440 1779 Dauniam

291 1796 504 1848 annoneumque
524 1780 617 1834 levata
640 1782 679 1848 P,-
701 1796 913 1848 annoneumque
931 1779 1055 1835 levatam
1074 1781 1116 1847 A,·
1139 1799 1320 1851 annonaeque
1340 1783 1438 1836 levata

295 1849 659 1919 Querquetulana
678 1852 703 1904 L
731 1853 740 1920 ΙΙ
769 1851 958 1936 sollicitudine
979 1852 1001 1905 0
1022 1858 1131 1921 praela
1149 1852 1230 1934 ᾼΕᾱ
1261 1855 1271 1922 ]
1302 1853 1439 1935 anausie

290 1923 1410 2067 itliusllallllllllislll[lolliioll‘litl'iliriuillilz.“lilii

291 2125 307 2174 a
326 2119 421 2172 mirae
439 2118 548 2186 nnn,-
563 2078 641 2172 ”iras
660 2120 686 2172 a
709 2120 718 2187 q
747 2124 779 2172 11
800 2135 834 2172 ex
852 2117 984 2174 sustuna
1003 2117 1033 2172 n

380 2303 394 2349 1
413 2297 558 2368 tabuerat]
578 2296 763 2352 constituerat
776 2296 806 2350 et
818 2295 951 2350 habebat.
971 2327 1005 2336 -
1023 2296 1183 2367 incolumes]
1202 2296 1258 2350 nisi
1272 2295 1346 2364 quod
1360 2295 1436 2352 duae

289 2384 376 2421 naves
394 2369 430 2422 ab
449 2366 578 2423 hostibus
597 2370 696 2438 captae
715 2369 792 2433 sunt,
812 2384 854 2436 cp.
874 2373 918 2434 44,
938 2374 962 2422 1.
981 2373 1006 2420 2.
1026 2397 1060 2406 —
1084 2373 1100 2421 3
1119 2384 1175 2422 uno
1193 2367 1321 2438 lempna]
1341 2367 1436 2436 simul,

290 2439 325 2493 cl.
345 2438 381 2493 ad
401 2446 424 2506 61
446 2446 469 2494 1.
499 2471 532 2480 -
559 2441 670 2510 auctus]
691 2438 868 2508 ‘beglfickt’,
893 2440 924 2492 ut
942 2455 986 2508 ap.
1007 2437 1108 2493 Catull.
1128 2443 1171 2506 64,
1190 2444 1224 2492 25
1244 2439 1334 2494 taedis
1353 2456 1378 2494 a.
1400 2469 1436 2478 -

289 2511 431 2582 hilaratis]
446 2510 563 2566 verbum
577 2511 668 2581 poetis
683 2511 857 2578 adamatum,
877 2509 1001 2578 Catullo,
1021 2508 1161 2580 Vergilio,
1176 2509 1291 2580 Ovidio,
1311 2509 1360 2564 sed
1375 2510 1437 2564 iarn

290 2601 307 2637 a
326 2582 458 2638 Cicerone
472 2587 625 2653 receptum.
641 2615 672 2623 -
693 2589 709 2636 4
728 2598 892 2650 annonaque
906 2581 1006 2651 levata]
1027 2580 1082 2636 Cic.
1097 2581 1155 2635 Mil.
1172 2587 1205 2634 72
1225 2580 1270 2651 Sp.
1291 2581 1436 2650 Maelium,

290 2655 338 2722 qui
357 2670 467 2708 annona
485 2653 606 2708 levanda
623 2653 652 2707 in
671 2652 859 2722 suspicionem
878 2651 979 2707 incidit
996 2653 1077 2721 regni
1095 2653 1263 2721 appetenda
1283 2652 1328 2706 cui
1347 2669 1437 2722 oppo-

290 2726 365 2778 nitur
383 2725 478 2794 gravis
497 2742 609 2780 annona
631 2731 674 2794 24,
693 2732 718 2779 3.
754 2723 915 2778 Abiecimus
934 2724 1125 2778 coniecturam
1145 2724 1212 2778 olim
1231 2723 1336 2779 factam
1355 2723 1437 2778 ‘ani-

290 2815 366 2849 mum
385 2797 519 2863 levatur’,
545 2797 611 2864 quia
633 2798 707 2850 hunc
731 2793 886 2850 accusativi
909 2812 992 2849 usum
1014 2795 1089 2864 apud
1108 2793 1240 2849 Tacitum
1258 2798 1333 2863 (ann.
1353 2801 1377 2861 6,
1397 2803 1435 2850 43

291 2865 414 2921 animum
439 2866 596 2936 adlevatus)
622 2867 808 2934 rarissimum,
835 2865 926 2920 Asinii
948 2867 1043 2921 aetate
1065 2866 1150 2935 plane
1175 2864 1321 2921 insolitum
1346 2865 1436 2921 fnisse

291 2938 500 2992 concedendum
520 2941 571 2992 est.
591 2969 624 2978 -
648 2945 663 2992 5
683 2940 846 3006 nausiaque]
866 2937 901 2992 of.
920 2938 957 2991 ad
977 2943 1018 3006 18,
1037 2944 1062 2992 4.
1083 2967 1116 2976 -
1139 2938 1214 2992 iubet
1232 2937 1353 3008 νοήσατε]
1373 2937 1436 2993 scil.

291 3009 413 3064 medicos
432 3012 462 3062 et
480 3027 598 3077 quorum
617 3026 699 3063 curae
718 3009 746 3064 id
762 3008 960 3063 demandatum
975 3011 1047 3076 erat;
1067 3009 1163 3077 itaque
1177 3025 1233 3063 non
1247 3009 1339 3062 solum
1352 3025 1438 3063 vaca-

290 3080 396 3135 tionem
422 3079 541 3135 militiae
567 3080 607 3135 eis
633 3080 785 3148 concessit,
812 3084 845 3134 ut
871 3078 930 3136 otio
955 3097 982 3134 se
1005 3080 1162 3147 reficerent,
1190 3079 1240 3133 sed
1263 3078 1437 3149 impensiore

291 3153 415 3220 corporis
434 3169 501 3206 cura
515 3151 700 3216 (mollioribus
716 3151 811 3206 stratis
825 3151 856 3204 in
869 3150 997 3206 tentoriis
1012 3150 1123 3220 factisl)
1143 3166 1191 3205 eos
1205 3149 1327 3205 refoveri
1339 3150 1432 3206 iussit.

290 3222 354 3277 Tac.
374 3223 440 3278 hist.
461 3229 484 3290 1,
504 3230 537 3278 31
564 3223 649 3294 longa
675 3223 854 3293 navigatione
880 3239 980 3291 aegros
1005 3221 1165 3291 inpensiore
1188 3237 1255 3276 cura
1278 3221 1367 3276 Galba
1391 3239 1437 3276 re-

290 3295 412 3349 fovebat.
424 3326 456 3334 -
474 3301 489 3347 6
503 3295 640 3365 dimissos]
656 3294 715 3348 scil.
731 3311 765 3349 ex
779 3310 845 3348 eura
861 3294 1043 3362 custodiaque
1058 3293 1237 3348 medicorum.
1250 3323 1283 3333 -
1298 3294 1437 3364 disponit]

291 3364 434 3436 dispertit;
454 3367 580 3421 emorbo
598 3364 730 3420 recreatis
749 3383 803 3421 non
824 3365 991 3432 stationum,
1010 3363 1184 3433 vigiliarum,
1203 3362 1273 3417 valli
1291 3362 1439 3419 muniendi

290 3438 402 3562 {chores
428 3437 562 3503 iniunxit,
586 3438 635 3491 sed
659 3453 707 3492 eos
730 3437 767 3492 ad
790 3440 901 3506 tempus
925 3435 1060 3506 praesidii
1083 3453 1169 3490 causa
1186 3435 1216 3488 in
1234 3434 1358 3490 castellis
1377 3433 1438 3489 eol-

303 3510 405 3564 ocavit.

379 3580 428 3635 aa.
456 3587 471 3633 7
491 3582 591 3650 quique
609 3598 669 3636 cum
687 3596 717 3634 co
735 3579 826 3650 erant]
846 3581 983 3645 ut67,1;
1012 3585 1085 3646 86,1
1105 3577 1208 3647 quique
1227 3594 1290 3632 cum
1309 3593 1342 3632 eo
1361 3576 1438 3632 obsi-

291 3651 441 3720 debantur,
475 3653 547 3706 unde
577 3651 725 3707 ‘comites'
754 3648 965 3720 interpolatoris
993 3665 1054 3705 esse
1081 3650 1211 3719 apparet;
1240 3647 1438 3704 coniunctivus

291 3725 384 3775 antem
405 3722 514 3776 scribae
533 3723 621 3777 oculis
642 3721 678 3776 ad
699 3721 763 3791 ‘qui
782 3721 957 3777 consuessot’
980 3719 1173 3776 aberrantibus
1188 3720 1265 3774 ortus
1283 3737 1343 3774 esse
1357 3720 1438 3774 vide-

291 3794 345 3846 tur.
375 3824 407 3832 —
437 3799 453 3848 8
480 3794 628 3864 requirere]
658 3791 786 3847 absolute
811 3791 1032 3846 ‘nachdenklich
1050 3791 1182 3846 werden’.
1224 3790 1263 3846 cf.
1291 3797 1331 3859 10,
1351 3797 1375 3846 2,
1400 3821 1439 3831 -

293 3869 326 3919 10
340 3881 440 3935 maqno
449 3866 574 3936 cornilio]
587 3867 628 3919 ‘es
640 3863 761 3918 mfllsten
770 3864 940 3933 gewichtige
952 3864 1146 3932 Erwtgungen
1159 3861 1227 3930 sein,
1242 3861 1305 3916 dass
1319 3881 1345 3917 u.
1354 3881 1374 3916 s.
1386 3864 1435 3918 w.'

291 3935 352 3990 Val.
372 3936 446 3990 Max.
463 3941 486 4004 1,
502 3942 526 4004 8,
542 3945 557 3990 2
576 3955 633 3991 non
652 3936 711 3990 sine
726 3951 828 4004 magno
844 3939 932 4001 metu;
954 3942 979 4001 6,
994 3942 1019 4002 2,
1034 3940 1051 3988 4
1069 3951 1120 3988 nec
1140 3932 1200 3987 sine
1219 3949 1322 4002 magna
1335 3932 1435 4000 laude3

292 4016 316 4072 6,
337 4015 360 4075 7,
381 4013 396 4061 2
415 4024 473 4061 non
491 4008 550 4062 sine
568 4024 671 4076 magno
689 4005 822 4076 periculo.
860 4004 901 4060 cf.
921 4006 957 4060 ad
976 4011 1018 4074 58,
1037 4013 1063 4060 4.
1083 4037 1116 4046 -
1138 4011 1169 4058 12
1188 4007 1247 4060 suis
1266 4006 1347 4060 rebus
1365 4005 1439 4058 ami·

292 4080 424 4149 cissimos]
445 4105 478 4124 =
498 4097 563 4134 suae
583 4094 695 4145 causae,
715 4080 747 4132 ut
767 4082 808 4146 79,
828 4083 843 4131 2
863 4077 1011 4132 fidissimus
1032 4076 1088 4131 suis
1108 4077 1204 4142 rebus,
1224 4078 1252 4130 et
1271 4093 1316 4145 ap.
1336 4073 1436 4129 Caesa—

291 4167 351 4203 rem
374 4152 455 4204 rebus
478 4150 598 4206 alicuius
620 4150 729 4216 favere,
757 4150 882 4215 studere;
911 4149 1018 4202 amicus
1041 4149 1147 4214 autern,
1176 4145 1342 4218 praesertim
1360 4163 1437 4200 com-

291 4221 421 4288 parativo
442 4222 471 4274 et
488 4221 660 4290 superlativo
684 4221 774 4291 gradu
797 4218 930 4275 adiectivi
948 4220 1072 4275 indolem
1091 4220 1228 4286 retinens,
1250 4235 1314 4272 cum
1336 4215 1437 4274 dativo

292 4290 774 4419 tlttltttttttituil·
788 4298 864 4417 aa
878 4287 1437 4431 ,p„..„p„,„„,.„,.„„.„

358 4406 364 4416 ·
406 4404 412 4427 s
752 4405 758 4428 s
847 4405 853 4416 ·
955 4405 960 4416 ·
1003 4405 1009 4428 s
1047 4403 1054 4428 a
1373 4402 1379 4414 ·

287 4435 421 4503 praemiis
437 4433 749 4505 pollicitationibusque]
773 4433 851 4488 Caes.
875 4439 1014 4502 3,18,2.
1044 4438 1135 4502 26,1.
1164 4433 1239 4503 166,
1258 4439 1282 4490 2.
1319 4429 1438 4486 Asinius
