<?xml version="1.0" encoding="UTF-8"?>
<!DOCTYPE html PUBLIC "-//W3C//DTD XHTML 1.0 Transitional//EN"
    "http://www.w3.org/TR/xhtml1/DTD/xhtml1-transitional.dtd">
<html xmlns="http://www.w3.org/1999/xhtml" xml:lang="en" lang="en">
 <head>
  <title>
</title>
<meta http-equiv="Content-Type" content="text/html;charset=utf-8" />
  <meta name='ocr-system' content='tesseract 3.04.00' />
  <meta name='ocr-capabilities' content='ocr_page ocr_carea ocr_par ocr_line ocrx_word'/>
</head>
<body>
  <div class='ocr_page' id='page_1' title='image "./casinipolionisd00miodgoog_0018.png"; bbox 0 0 3292 5132; ppageno 0'>
   <div class='ocr_carea' id='block_1_1' title="bbox 689 413 1373 469">
    <p class='ocr_par' dir='ltr' id='par_1_1' title="bbox 689 413 1373 469">
     <span class='ocr_line' id='line_1_1' title="bbox 689 413 1373 469; baseline 0.001 -3"><span class='ocrx_word' id='word_1_1' title='bbox 689 413 906 469; x_wconf 75' lang='lat' dir='ltr'><strong>PRAEFATIO.</strong></span> <span class='ocrx_word' id='word_1_2' title='bbox 1333 414 1373 467; x_wconf 83' lang='lat' dir='ltr'><strong>XI</strong></span> 
     </span>
    </p>
   </div>
   <div class='ocr_carea' id='block_1_2' title="bbox 216 574 1372 4586">
    <p class='ocr_par' dir='ltr' id='par_1_2' title="bbox 222 574 1372 1020">
     <span class='ocr_line' id='line_1_2' title="bbox 222 574 1372 662; baseline -0.002 -19"><span class='ocrx_word' id='word_1_3' title='bbox 222 579 423 643; x_wconf 89' lang='lat' dir='ltr'><strong>constanter.</strong></span> <span class='ocrx_word' id='word_1_4' title='bbox 475 575 566 642; x_wconf 77' lang='lat' dir='ltr'><strong>Ualla</strong></span> <span class='ocrx_word' id='word_1_5' title='bbox 589 575 615 640; x_wconf 90' lang='lat' dir='ltr'>L</span> <span class='ocrx_word' id='word_1_6' title='bbox 640 577 780 662; x_wconf 81' lang='lat' dir='ltr'><strong>sexiens3</strong></span> <span class='ocrx_word' id='word_1_7' title='bbox 807 576 934 660; x_wconf 86' lang='lat' dir='ltr'><strong>Uzitta,</strong></span> <span class='ocrx_word' id='word_1_8' title='bbox 957 574 1094 660; x_wconf 84' lang='lat' dir='ltr'><strong>Unytta,</strong></span> <span class='ocrx_word' id='word_1_9' title='bbox 1117 575 1233 642; x_wconf 83' lang='lat' dir='ltr'><strong>Uxitta</strong></span> <span class='ocrx_word' id='word_1_10' title='bbox 1255 578 1307 642; x_wconf 87' lang='lat' dir='ltr'><strong>vel</strong></span> <span class='ocrx_word' id='word_1_11' title='bbox 1332 577 1372 642; x_wconf 94' lang='lat' dir='ltr'><strong>si-</strong></span> 
     </span>
     <span class='ocr_line' id='line_1_3' title="bbox 222 664 1372 744; baseline 0.001 -14"><span class='ocrx_word' id='word_1_12' title='bbox 222 666 345 731; x_wconf 89' lang='lat' dir='ltr'><strong>militer</strong></span> <span class='ocrx_word' id='word_1_13' title='bbox 373 666 412 729; x_wconf 89' lang='lat' dir='ltr'><strong>A.</strong></span> <span class='ocrx_word' id='word_1_14' title='bbox 458 666 558 732; x_wconf 71' lang='lat' dir='ltr'><strong>Sirius</strong></span> <span class='ocrx_word' id='word_1_15' title='bbox 585 666 831 730; x_wconf 89' lang='lat' dir='ltr'><strong>scribendumne</strong></span> <span class='ocrx_word' id='word_1_16' title='bbox 860 666 903 730; x_wconf 88' lang='lat' dir='ltr'><strong>sit</strong></span> <span class='ocrx_word' id='word_1_17' title='bbox 931 688 972 729; x_wconf 91' lang='lat' dir='ltr'><strong>an</strong></span> <span class='ocrx_word' id='word_1_18' title='bbox 1001 664 1130 744; x_wconf 83' lang='lat' dir='ltr'><strong>Sittius,</strong></span> <span class='ocrx_word' id='word_1_19' title='bbox 1160 666 1292 732; x_wconf 88' lang='lat' dir='ltr'><strong>difficile</strong></span> <span class='ocrx_word' id='word_1_20' title='bbox 1322 671 1372 731; x_wconf 93' lang='lat' dir='ltr'><strong>est</strong></span> 
     </span>
     <span class='ocr_line' id='line_1_4' title="bbox 223 753 1372 840; baseline 0.001 -21"><span class='ocrx_word' id='word_1_21' title='bbox 223 757 327 837; x_wconf 88' lang='lat' dir='ltr'><strong>dictu,</strong></span> <span class='ocrx_word' id='word_1_22' title='bbox 358 754 436 838; x_wconf 89' lang='lat' dir='ltr'><strong>quia</strong></span> <span class='ocrx_word' id='word_1_23' title='bbox 464 760 497 819; x_wconf 89' lang='lat' dir='ltr'><strong>et</strong></span> <span class='ocrx_word' id='word_1_24' title='bbox 523 755 557 818; x_wconf 91' lang='lat' dir='ltr'><strong>in</strong></span> <span class='ocrx_word' id='word_1_25' title='bbox 585 755 748 840; x_wconf 84' lang='lat' dir='ltr'>lapidibus</span> <span class='ocrx_word' id='word_1_26' title='bbox 776 759 952 838; x_wconf 88' lang='lat' dir='ltr'><strong>utrumque</strong></span> <span class='ocrx_word' id='word_1_27' title='bbox 976 755 1096 839; x_wconf 83' lang='lat' dir='ltr'><strong>legitur</strong></span> <span class='ocrx_word' id='word_1_28' title='bbox 1119 753 1174 838; x_wconf 89' lang='lat' dir='ltr'><strong>(of.</strong></span> <span class='ocrx_word' id='word_1_29' title='bbox 1198 756 1306 820; x_wconf 80' lang='lat' dir='ltr'>adnot.</span> <span class='ocrx_word' id='word_1_30' title='bbox 1331 757 1372 820; x_wconf 90' lang='lat' dir='ltr'><strong>ad</strong></span> 
     </span>
     <span class='ocr_line' id='line_1_5' title="bbox 222 841 1372 930; baseline -0.001 -20"><span class='ocrx_word' id='word_1_31' title='bbox 222 846 277 930; x_wconf 76' lang='lat'><strong>25,</strong></span> <span class='ocrx_word' id='word_1_32' title='bbox 297 841 331 929; x_wconf 81' lang='lat'><strong>2)</strong></span> <span class='ocrx_word' id='word_1_33' title='bbox 356 848 389 908; x_wconf 90' lang='lat' dir='ltr'><strong>et</strong></span> <span class='ocrx_word' id='word_1_34' title='bbox 413 844 539 909; x_wconf 87' lang='lat' dir='ltr'><strong>codices</strong></span> <span class='ocrx_word' id='word_1_35' title='bbox 559 845 675 908; x_wconf 90' lang='lat' dir='ltr'><strong>mirum</strong></span> <span class='ocrx_word' id='word_1_36' title='bbox 693 845 727 908; x_wconf 92' lang='lat' dir='ltr'><strong>in</strong></span> <span class='ocrx_word' id='word_1_37' title='bbox 748 844 879 909; x_wconf 91' lang='lat' dir='ltr'><strong>modum</strong></span> <span class='ocrx_word' id='word_1_38' title='bbox 898 844 1041 929; x_wconf 74' lang='lat' dir='ltr'><strong>variant,</strong></span> <span class='ocrx_word' id='word_1_39' title='bbox 1065 842 1165 908; x_wconf 86' lang='lat' dir='ltr'><strong>Sitius</strong></span> <span class='ocrx_word' id='word_1_40' title='bbox 1185 849 1372 910; x_wconf 70' lang='lat' dir='ltr'><strong>constanter</strong></span> 
     </span>
     <span class='ocr_line' id='line_1_6' title="bbox 222 931 1258 1020; baseline 0 -22"><span class='ocrx_word' id='word_1_41' title='bbox 222 934 269 1020; x_wconf 86' lang='lat' dir='ltr'><strong>L,</strong></span> <span class='ocrx_word' id='word_1_42' title='bbox 291 931 407 997; x_wconf 88' lang='lat' dir='ltr'><strong>Sittius</strong></span> <span class='ocrx_word' id='word_1_43' title='bbox 429 931 461 996; x_wconf 94' lang='lat' dir='ltr'><strong>A</strong></span> <span class='ocrx_word' id='word_1_44' title='bbox 484 934 690 1018; x_wconf 86' lang='lat' dir='ltr'><strong>plerumque,</strong></span> <span class='ocrx_word' id='word_1_45' title='bbox 714 933 856 1019; x_wconf 86' lang='lat' dir='ltr'><strong>exceptis</strong></span> <span class='ocrx_word' id='word_1_46' title='bbox 879 933 961 998; x_wconf 91' lang='lat' dir='ltr'><strong>locis</strong></span> <span class='ocrx_word' id='word_1_47' title='bbox 985 933 1038 1017; x_wconf 81' lang='lat'><strong>25,</strong></span> <span class='ocrx_word' id='word_1_48' title='bbox 1057 934 1078 997; x_wconf 82' lang='lat'>2</span> <span class='ocrx_word' id='word_1_49' title='bbox 1102 937 1135 996; x_wconf 92' lang='lat' dir='ltr'><strong>et</strong></span> <span class='ocrx_word' id='word_1_50' title='bbox 1159 934 1258 1018; x_wconf 88' lang='grc'><strong>96,1.</strong></span> 
     </span>
    </p>

    <p class='ocr_par' dir='ltr' id='par_1_3' title="bbox 222 1019 1370 1285">
     <span class='ocr_line' id='line_1_7' title="bbox 313 1019 1370 1110; baseline 0.003 -25"><span class='ocrx_word' id='word_1_51' title='bbox 313 1022 438 1102; x_wconf 81' lang='lat' dir='ltr'><strong>Affrc&#39;aa</strong></span> <span class='ocrx_word' id='word_1_52' title='bbox 465 1021 509 1107; x_wconf 90' lang='lat' dir='ltr'><strong>A,</strong></span> <span class='ocrx_word' id='word_1_53' title='bbox 542 1023 628 1106; x_wconf 92' lang='lat' dir='ltr'><strong>quod</strong></span> <span class='ocrx_word' id='word_1_54' title='bbox 655 1023 798 1108; x_wconf 89' lang='lat' dir='ltr'><strong>mireris,</strong></span> <span class='ocrx_word' id='word_1_55' title='bbox 828 1023 863 1086; x_wconf 93' lang='lat' dir='ltr'><strong>in</strong></span> <span class='ocrx_word' id='word_1_56' title='bbox 894 1022 991 1087; x_wconf 92' lang='lat' dir='ltr'><strong>titulo</strong></span> <span class='ocrx_word' id='word_1_57' title='bbox 1017 1020 1079 1107; x_wconf 88' lang='lat' dir='ltr'><strong>(De</strong></span> <span class='ocrx_word' id='word_1_58' title='bbox 1107 1022 1194 1087; x_wconf 89' lang='lat' dir='ltr'><strong>bello</strong></span> <span class='ocrx_word' id='word_1_59' title='bbox 1223 1019 1370 1110; x_wconf 82' lang='lat' dir='ltr'><strong>Affrico),</strong></span> 
     </span>
     <span class='ocr_line' id='line_1_8' title="bbox 223 1109 1368 1198; baseline 0 -22"><span class='ocrx_word' id='word_1_60' title='bbox 223 1134 299 1176; x_wconf 91' lang='lat' dir='ltr'><strong>raro</strong></span> <span class='ocrx_word' id='word_1_61' title='bbox 319 1111 444 1196; x_wconf 88' lang='lat' dir='ltr'><strong>inipso</strong></span> <span class='ocrx_word' id='word_1_62' title='bbox 464 1112 699 1178; x_wconf 90' lang='lat' dir='ltr'><strong>commentario</strong></span> <span class='ocrx_word' id='word_1_63' title='bbox 720 1111 787 1198; x_wconf 83' lang='lat'><strong>(54,</strong></span> <span class='ocrx_word' id='word_1_64' title='bbox 805 1114 836 1176; x_wconf 89' lang='lat'><strong>4.</strong></span> <span class='ocrx_word' id='word_1_65' title='bbox 855 1109 904 1197; x_wconf 73' lang='grc'><strong>5),</strong></span> <span class='ocrx_word' id='word_1_66' title='bbox 927 1111 954 1175; x_wconf 88' lang='lat' dir='ltr'>L</span> <span class='ocrx_word' id='word_1_67' title='bbox 976 1111 1011 1174; x_wconf 92' lang='lat' dir='ltr'><strong>in</strong></span> <span class='ocrx_word' id='word_1_68' title='bbox 1029 1111 1240 1196; x_wconf 79' lang='lat' dir='ltr'><strong>inscriptione</strong></span> <span class='ocrx_word' id='word_1_69' title='bbox 1260 1115 1292 1177; x_wconf 88' lang='lat' dir='ltr'><strong>et</strong></span> <span class='ocrx_word' id='word_1_70' title='bbox 1310 1136 1368 1197; x_wconf 90' lang='lat' dir='ltr'><strong>per</strong></span> 
     </span>
     <span class='ocr_line' id='line_1_9' title="bbox 222 1200 1113 1285; baseline 0 -20"><span class='ocrx_word' id='word_1_71' title='bbox 222 1205 331 1267; x_wconf 90' lang='lat' dir='ltr'><strong>totum</strong></span> <span class='ocrx_word' id='word_1_72' title='bbox 354 1201 635 1285; x_wconf 89' lang='lat' dir='ltr'><strong>commentarium,</strong></span> <span class='ocrx_word' id='word_1_73' title='bbox 659 1201 758 1266; x_wconf 91' lang='lat' dir='ltr'><strong>etiam</strong></span> <span class='ocrx_word' id='word_1_74' title='bbox 780 1200 959 1285; x_wconf 87' lang='lat' dir='ltr'><strong>Affranius,</strong></span> <span class='ocrx_word' id='word_1_75' title='bbox 984 1200 1113 1265; x_wconf 83' lang='lat' dir='ltr'><strong>similia.</strong></span> 
     </span>
    </p>

    <p class='ocr_par' dir='ltr' id='par_1_4' title="bbox 217 1289 1372 4050">
     <span class='ocr_line' id='line_1_10' title="bbox 314 1289 1371 1375; baseline 0.002 -21"><span class='ocrx_word' id='word_1_76' title='bbox 314 1290 362 1355; x_wconf 92' lang='lat' dir='ltr'><strong>De</strong></span> <span class='ocrx_word' id='word_1_77' title='bbox 385 1290 676 1355; x_wconf 76' lang='lat' dir='ltr'><strong>assimilatione</strong></span> <span class='ocrx_word' id='word_1_78' title='bbox 699 1289 1034 1375; x_wconf 85' lang='lat' dir='ltr'><strong>praepositionum</strong></span> <span class='ocrx_word' id='word_1_79' title='bbox 1064 1290 1248 1373; x_wconf 89' lang='lat' dir='ltr'><strong>nuperrime</strong></span> <span class='ocrx_word' id='word_1_80' title='bbox 1273 1291 1371 1356; x_wconf 90' lang='lat' dir='ltr'><strong>disse-</strong></span> 
     </span>
     <span class='ocr_line' id='line_1_11' title="bbox 222 1376 1369 1466; baseline 0.001 -23"><span class='ocrx_word' id='word_1_81' title='bbox 222 1380 291 1443; x_wconf 91' lang='lat' dir='ltr'><strong>ruit</strong></span> <span class='ocrx_word' id='word_1_82' title='bbox 315 1377 379 1444; x_wconf 90' lang='lat' dir='ltr'><strong>Ios.</strong></span> <span class='ocrx_word' id='word_1_83' title='bbox 395 1378 522 1444; x_wconf 87' lang='lat' dir='ltr'><strong>Dorsoh</strong></span> <span class='ocrx_word' id='word_1_84' title='bbox 547 1376 791 1466; x_wconf 77' lang='lat' dir='ltr'><strong>(Assimilation</strong></span> <span class='ocrx_word' id='word_1_85' title='bbox 813 1381 848 1444; x_wconf 90' lang='lat' dir='ltr'><strong>in</strong></span> <span class='ocrx_word' id='word_1_86' title='bbox 867 1379 928 1443; x_wconf 90' lang='lat' dir='ltr'><strong>den</strong></span> <span class='ocrx_word' id='word_1_87' title='bbox 942 1377 1146 1462; x_wconf 89' lang='lat' dir='ltr'><strong>Kompositis</strong></span> <span class='ocrx_word' id='word_1_88' title='bbox 1167 1380 1217 1444; x_wconf 91' lang='lat' dir='ltr'><strong>bei</strong></span> <span class='ocrx_word' id='word_1_89' title='bbox 1233 1380 1369 1445; x_wconf 89' lang='lat' dir='ltr'><strong>Plautus</strong></span> 
     </span>
     <span class='ocr_line' id='line_1_12' title="bbox 221 1466 1370 1555; baseline 0.002 -23"><span class='ocrx_word' id='word_1_90' title='bbox 221 1469 288 1532; x_wconf 91' lang='lat' dir='ltr'><strong>und</strong></span> <span class='ocrx_word' id='word_1_91' title='bbox 317 1467 495 1532; x_wconf 82' lang='lat' dir='ltr'><strong>Terentius.</strong></span> <span class='ocrx_word' id='word_1_92' title='bbox 545 1467 640 1554; x_wconf 81' lang='lat' dir='ltr'><strong>Prag.</strong></span> <span class='ocrx_word' id='word_1_93' title='bbox 678 1466 786 1555; x_wconf 81' lang='grc'><strong>1881).</strong></span> <span class='ocrx_word' id='word_1_94' title='bbox 826 1468 886 1532; x_wconf 66' lang='grc' dir='ltr'><strong>Ἐκ</strong></span> <span class='ocrx_word' id='word_1_95' title='bbox 915 1491 1022 1532; x_wconf 91' lang='lat' dir='ltr'><strong>rerum</strong></span> <span class='ocrx_word' id='word_1_96' title='bbox 1050 1469 1262 1553; x_wconf 84' lang='lat' dir='ltr'><strong>scriptoribus</strong></span> <span class='ocrx_word' id='word_1_97' title='bbox 1297 1492 1370 1534; x_wconf 89' lang='lat' dir='ltr'><strong>cnm</strong></span> 
     </span>
     <span class='ocr_line' id='line_1_13' title="bbox 221 1556 1371 1644; baseline 0.001 -22"><span class='ocrx_word' id='word_1_98' title='bbox 221 1557 398 1622; x_wconf 82' lang='lat' dir='ltr'><strong>Sallustius</strong></span> <span class='ocrx_word' id='word_1_99' title='bbox 418 1556 558 1622; x_wconf 84' lang='lat' dir='ltr'><strong>maxime</strong></span> <span class='ocrx_word' id='word_1_100' title='bbox 583 1580 653 1622; x_wconf 90' lang='lat' dir='ltr'><strong>eam</strong></span> <span class='ocrx_word' id='word_1_101' title='bbox 676 1557 801 1643; x_wconf 83' lang='lat' dir='ltr'><strong>fugisse</strong></span> <span class='ocrx_word' id='word_1_102' title='bbox 821 1557 962 1640; x_wconf 90' lang='lat' dir='ltr'><strong>dicatur,</strong></span> <span class='ocrx_word' id='word_1_103' title='bbox 986 1557 1134 1622; x_wconf 89' lang='lat' dir='ltr'><strong>Asinium</strong></span> <span class='ocrx_word' id='word_1_104' title='bbox 1159 1581 1295 1644; x_wconf 91' lang='lat' dir='ltr'><strong>quoque,</strong></span> <span class='ocrx_word' id='word_1_105' title='bbox 1318 1562 1371 1623; x_wconf 94' lang='lat' dir='ltr'><strong>ut·</strong></span> 
     </span>
     <span class='ocr_line' id='line_1_14' title="bbox 221 1646 1369 1732; baseline 0 -20"><span class='ocrx_word' id='word_1_106' title='bbox 221 1650 300 1732; x_wconf 90' lang='lat' dir='ltr'><strong>pote</strong></span> <span class='ocrx_word' id='word_1_107' title='bbox 319 1646 419 1731; x_wconf 74' lang='lat' dir='ltr'><strong>prisci</strong></span> <span class='ocrx_word' id='word_1_108' title='bbox 438 1646 597 1711; x_wconf 90' lang='lat' dir='ltr'><strong>sermonis</strong></span> <span class='ocrx_word' id='word_1_109' title='bbox 617 1647 791 1724; x_wconf 85' lang='lat' dir='ltr'><strong>fautorem,</strong></span> <span class='ocrx_word' id='word_1_110' title='bbox 811 1647 945 1712; x_wconf 91' lang='lat' dir='ltr'><strong>eandem</strong></span> <span class='ocrx_word' id='word_1_111' title='bbox 964 1669 1112 1712; x_wconf 90' lang='lat' dir='ltr'><strong>normam</strong></span> <span class='ocrx_word' id='word_1_112' title='bbox 1132 1653 1278 1712; x_wconf 90' lang='lat' dir='ltr'><strong>secutum</strong></span> <span class='ocrx_word' id='word_1_113' title='bbox 1298 1670 1369 1712; x_wconf 88' lang='lat' dir='ltr'><strong>esse</strong></span> 
     </span>
     <span class='ocr_line' id='line_1_15' title="bbox 221 1735 1368 1822; baseline -0.002 -20"><span class='ocrx_word' id='word_1_114' title='bbox 221 1735 351 1802; x_wconf 87' lang='lat' dir='ltr'><strong>credere</strong></span> <span class='ocrx_word' id='word_1_115' title='bbox 374 1735 460 1800; x_wconf 85' lang='lat' dir='ltr'><strong>licet.</strong></span> <span class='ocrx_word' id='word_1_116' title='bbox 493 1735 541 1801; x_wconf 90' lang='lat' dir='ltr'><strong>Ac</strong></span> <span class='ocrx_word' id='word_1_117' title='bbox 564 1736 709 1819; x_wconf 86' lang='lat' dir='ltr'><strong>profecto</strong></span> <span class='ocrx_word' id='word_1_118' title='bbox 729 1737 830 1802; x_wconf 85' lang='lat' dir='ltr'><strong>codex</strong></span> <span class='ocrx_word' id='word_1_119' title='bbox 850 1735 878 1800; x_wconf 92' lang='lat' dir='ltr'><strong>A</strong></span> <span class='ocrx_word' id='word_1_120' title='bbox 902 1735 978 1801; x_wconf 90' lang='lat' dir='ltr'><strong>huic</strong></span> <span class='ocrx_word' id='word_1_121' title='bbox 996 1737 1117 1802; x_wconf 89' lang='lat' dir='ltr'><strong>rationi</strong></span> <span class='ocrx_word' id='word_1_122' title='bbox 1136 1737 1368 1822; x_wconf 81' lang='lat' dir='ltr'><strong>patrocinatur,</strong></span> 
     </span>
     <span class='ocr_line' id='line_1_16' title="bbox 221 1825 1370 1910; baseline 0.001 -20"><span class='ocrx_word' id='word_1_123' title='bbox 221 1847 420 1909; x_wconf 89' lang='lat' dir='ltr'><strong>quamquam</strong></span> <span class='ocrx_word' id='word_1_124' title='bbox 443 1847 508 1889; x_wconf 92' lang='lat' dir='ltr'><strong>non</strong></span> <span class='ocrx_word' id='word_1_125' title='bbox 528 1825 638 1890; x_wconf 91' lang='lat' dir='ltr'><strong>omnia</strong></span> <span class='ocrx_word' id='word_1_126' title='bbox 656 1825 735 1910; x_wconf 81' lang='lat' dir='ltr'><strong>una,</strong></span> <span class='ocrx_word' id='word_1_127' title='bbox 758 1830 795 1890; x_wconf 89' lang='lat' dir='ltr'><strong>ut</strong></span> <span class='ocrx_word' id='word_1_128' title='bbox 817 1827 923 1910; x_wconf 90' lang='lat' dir='ltr'><strong>aiunt,</strong></span> <span class='ocrx_word' id='word_1_129' title='bbox 946 1825 1070 1908; x_wconf 88' lang='lat' dir='ltr'><strong>pertica</strong></span> <span class='ocrx_word' id='word_1_130' title='bbox 1094 1829 1170 1890; x_wconf 92' lang='lat' dir='ltr'><strong>sunt</strong></span> <span class='ocrx_word' id='word_1_131' title='bbox 1189 1827 1370 1892; x_wconf 89' lang='lat' dir='ltr'><strong>tractanda.</strong></span> 
     </span>
     <span class='ocr_line' id='line_1_17' title="bbox 220 1913 1369 2001; baseline 0.003 -23"><span class='ocrx_word' id='word_1_132' title='bbox 220 1913 323 1978; x_wconf 92' lang='lat' dir='ltr'><strong>Aliud</strong></span> <span class='ocrx_word' id='word_1_133' title='bbox 338 1915 422 1978; x_wconf 90' lang='lat' dir='ltr'><strong>enim</strong></span> <span class='ocrx_word' id='word_1_134' title='bbox 439 1917 489 1978; x_wconf 91' lang='lat' dir='ltr'><strong>est</strong></span> <span class='ocrx_word' id='word_1_135' title='bbox 503 1915 676 1999; x_wconf 91' lang='lat' dir='ltr'><strong>imperare,</strong></span> <span class='ocrx_word' id='word_1_136' title='bbox 695 1916 884 1999; x_wconf 90' lang='lat' dir='ltr'><strong>impetrare,</strong></span> <span class='ocrx_word' id='word_1_137' title='bbox 904 1915 991 1978; x_wconf 89' lang='lat' dir='ltr'><strong>aliud</strong></span> <span class='ocrx_word' id='word_1_138' title='bbox 1010 1914 1180 2000; x_wconf 83' lang='lat' dir='ltr'><strong>inponere,</strong></span> <span class='ocrx_word' id='word_1_139' title='bbox 1203 1916 1369 2001; x_wconf 84' lang='lat' dir='ltr'><strong>inplicare,</strong></span> 
     </span>
     <span class='ocr_line' id='line_1_18' title="bbox 221 2001 1370 2089; baseline 0.002 -21"><span class='ocrx_word' id='word_1_140' title='bbox 221 2005 299 2088; x_wconf 89' lang='lat' dir='ltr'><strong>quia</strong></span> <span class='ocrx_word' id='word_1_141' title='bbox 323 2004 356 2067; x_wconf 91' lang='lat' dir='ltr'><strong>in</strong></span> <span class='ocrx_word' id='word_1_142' title='bbox 380 2003 446 2068; x_wconf 89' lang='lat' dir='ltr'><strong>illis</strong></span> <span class='ocrx_word' id='word_1_143' title='bbox 469 2003 568 2068; x_wconf 85' lang='lat' dir='ltr'><strong>verba</strong></span> <span class='ocrx_word' id='word_1_144' title='bbox 592 2005 753 2088; x_wconf 89' lang='lat' dir='ltr'><strong>simplicia</strong></span> <span class='ocrx_word' id='word_1_145' title='bbox 775 2003 919 2089; x_wconf 89' lang='lat' dir='ltr'><strong>(parare,</strong></span> <span class='ocrx_word' id='word_1_146' title='bbox 945 2001 1089 2089; x_wconf 89' lang='lat' dir='ltr'><strong>patrare)</strong></span> <span class='ocrx_word' id='word_1_147' title='bbox 1119 2005 1166 2068; x_wconf 90' lang='lat' dir='ltr'><strong>ita</strong></span> <span class='ocrx_word' id='word_1_148' title='bbox 1194 2005 1370 2070; x_wconf 88' lang='lat' dir='ltr'><strong>obscurata</strong></span> 
     </span>
     <span class='ocr_line' id='line_1_19' title="bbox 220 2092 1369 2179; baseline 0.002 -22"><span class='ocrx_word' id='word_1_149' title='bbox 220 2097 312 2177; x_wconf 89' lang='lat' dir='ltr'><strong>sunt,</strong></span> <span class='ocrx_word' id='word_1_150' title='bbox 334 2096 372 2156; x_wconf 93' lang='lat' dir='ltr'><strong>ut</strong></span> <span class='ocrx_word' id='word_1_151' title='bbox 394 2092 662 2176; x_wconf 90' lang='lat' dir='ltr'><strong>compositionem</strong></span> <span class='ocrx_word' id='word_1_152' title='bbox 681 2094 802 2179; x_wconf 89' lang='lat' dir='ltr'><strong>factam</strong></span> <span class='ocrx_word' id='word_1_153' title='bbox 826 2115 896 2157; x_wconf 87' lang='lat' dir='ltr'><strong>esse</strong></span> <span class='ocrx_word' id='word_1_154' title='bbox 916 2093 1009 2177; x_wconf 92' lang='lat' dir='ltr'><strong>quasi</strong></span> <span class='ocrx_word' id='word_1_155' title='bbox 1029 2092 1239 2178; x_wconf 83' lang='lat' dir='ltr'><strong>obliviscaris,</strong></span> <span class='ocrx_word' id='word_1_156' title='bbox 1261 2096 1293 2158; x_wconf 90' lang='lat' dir='ltr'><strong>in</strong></span> <span class='ocrx_word' id='word_1_157' title='bbox 1318 2094 1369 2159; x_wconf 91' lang='lat' dir='ltr'><strong>his</strong></span> 
     </span>
     <span class='ocr_line' id='line_1_20' title="bbox 221 2181 1372 2268; baseline 0.002 -22"><span class='ocrx_word' id='word_1_158' title='bbox 221 2183 263 2246; x_wconf 89' lang='lat' dir='ltr'><strong>de</strong></span> <span class='ocrx_word' id='word_1_159' title='bbox 297 2181 405 2246; x_wconf 86' lang='lat' dir='ltr'><strong>verbis</strong></span> <span class='ocrx_word' id='word_1_160' title='bbox 439 2182 629 2266; x_wconf 88' lang='lat' dir='ltr'><strong>compositis</strong></span> <span class='ocrx_word' id='word_1_161' title='bbox 667 2183 809 2248; x_wconf 90' lang='lat' dir='ltr'><strong>dubitari</strong></span> <span class='ocrx_word' id='word_1_162' title='bbox 844 2205 911 2247; x_wconf 90' lang='lat' dir='ltr'><strong>non</strong></span> <span class='ocrx_word' id='word_1_163' title='bbox 943 2185 1061 2265; x_wconf 90' lang='lat' dir='ltr'><strong>potest.</strong></span> <span class='ocrx_word' id='word_1_164' title='bbox 1116 2181 1195 2248; x_wconf 89' lang='lat' dir='ltr'><strong>Inde</strong></span> <span class='ocrx_word' id='word_1_165' title='bbox 1234 2188 1372 2268; x_wconf 86' lang='lat' dir='ltr'><strong>apparet</strong></span> 
     </span>
     <span class='ocr_line' id='line_1_21' title="bbox 221 2269 1369 2356; baseline 0.002 -20"><span class='ocrx_word' id='word_1_166' title='bbox 221 2271 332 2337; x_wconf 85' lang='lat' dir='ltr'><strong>valere</strong></span> <span class='ocrx_word' id='word_1_167' title='bbox 361 2269 629 2336; x_wconf 86' lang='lat' dir='ltr'><strong>assimilationem</strong></span> <span class='ocrx_word' id='word_1_168' title='bbox 658 2272 692 2336; x_wconf 91' lang='lat' dir='ltr'><strong>in</strong></span> <span class='ocrx_word' id='word_1_169' title='bbox 720 2271 902 2356; x_wconf 91' lang='lat' dir='ltr'><strong>imperandi</strong></span> <span class='ocrx_word' id='word_1_170' title='bbox 928 2272 1041 2353; x_wconf 87' lang='lat' dir='ltr'><strong>verbo,</strong></span> <span class='ocrx_word' id='word_1_171' title='bbox 1075 2272 1160 2356; x_wconf 91' lang='lat' dir='ltr'><strong>quod</strong></span> <span class='ocrx_word' id='word_1_172' title='bbox 1188 2273 1222 2336; x_wconf 91' lang='lat' dir='ltr'><strong>in</strong></span> <span class='ocrx_word' id='word_1_173' title='bbox 1249 2295 1369 2338; x_wconf 88' lang='lat' dir='ltr'><strong>novam</strong></span> 
     </span>
     <span class='ocr_line' id='line_1_22' title="bbox 220 2360 1370 2446; baseline 0.003 -22"><span class='ocrx_word' id='word_1_174' title='bbox 220 2361 392 2425; x_wconf 91' lang='lat' dir='ltr'><strong>notionem</strong></span> <span class='ocrx_word' id='word_1_175' title='bbox 411 2360 543 2425; x_wconf 90' lang='lat' dir='ltr'><strong>transiit</strong></span> <span class='ocrx_word' id='word_1_176' title='bbox 561 2364 595 2424; x_wconf 86' lang='lat' dir='ltr'><strong>et</strong></span> <span class='ocrx_word' id='word_1_177' title='bbox 614 2362 663 2425; x_wconf 91' lang='lat' dir='ltr'><strong>sni</strong></span> <span class='ocrx_word' id='word_1_178' title='bbox 682 2361 760 2425; x_wconf 90' lang='lat' dir='ltr'><strong>iuris</strong></span> <span class='ocrx_word' id='word_1_179' title='bbox 783 2383 852 2425; x_wconf 90' lang='lat' dir='ltr'><strong>esse</strong></span> <span class='ocrx_word' id='word_1_180' title='bbox 871 2360 1012 2444; x_wconf 76' lang='lat' dir='ltr'><strong>videtur,</strong></span> <span class='ocrx_word' id='word_1_181' title='bbox 1035 2383 1100 2425; x_wconf 91' lang='lat' dir='ltr'><strong>non</strong></span> <span class='ocrx_word' id='word_1_182' title='bbox 1125 2362 1236 2446; x_wconf 89' lang='lat' dir='ltr'><strong>utique</strong></span> <span class='ocrx_word' id='word_1_183' title='bbox 1261 2363 1370 2428; x_wconf 85' lang='lat' dir='ltr'><strong>valere</strong></span> 
     </span>
     <span class='ocr_line' id='line_1_23' title="bbox 220 2449 1369 2538; baseline 0.002 -24"><span class='ocrx_word' id='word_1_184' title='bbox 220 2451 274 2515; x_wconf 85' lang='lat' dir='ltr'><strong>vel</strong></span> <span class='ocrx_word' id='word_1_185' title='bbox 299 2452 384 2513; x_wconf 89' lang='lat' dir='ltr'><strong>certe</strong></span> <span class='ocrx_word' id='word_1_186' title='bbox 406 2450 538 2538; x_wconf 79' lang='lat' dir='ltr'><strong>neglegi</strong></span> <span class='ocrx_word' id='word_1_187' title='bbox 566 2471 663 2533; x_wconf 91' lang='lat' dir='ltr'><strong>posse</strong></span> <span class='ocrx_word' id='word_1_188' title='bbox 690 2451 725 2514; x_wconf 92' lang='lat' dir='ltr'><strong>in</strong></span> <span class='ocrx_word' id='word_1_189' title='bbox 749 2451 884 2514; x_wconf 89' lang='lat' dir='ltr'><strong>alterius</strong></span> <span class='ocrx_word' id='word_1_190' title='bbox 910 2449 1038 2533; x_wconf 84' lang='lat' dir='ltr'><strong>generis</strong></span> <span class='ocrx_word' id='word_1_191' title='bbox 1062 2451 1227 2534; x_wconf 85' lang='lat' dir='ltr'><strong>exemplis.</strong></span> <span class='ocrx_word' id='word_1_192' title='bbox 1273 2451 1369 2517; x_wconf 89' lang='lat' dir='ltr'><strong>Haud</strong></span> 
     </span>
     <span class='ocr_line' id='line_1_24' title="bbox 220 2538 1368 2624; baseline 0.001 -20"><span class='ocrx_word' id='word_1_193' title='bbox 220 2538 318 2604; x_wconf 85' lang='lat' dir='ltr'><strong>aliter</strong></span> <span class='ocrx_word' id='word_1_194' title='bbox 340 2560 391 2602; x_wconf 91' lang='lat' dir='ltr'><strong>res</strong></span> <span class='ocrx_word' id='word_1_195' title='bbox 414 2561 448 2603; x_wconf 93' lang='lat' dir='ltr'><strong>se</strong></span> <span class='ocrx_word' id='word_1_196' title='bbox 471 2538 573 2603; x_wconf 90' lang='lat' dir='ltr'><strong>habet</strong></span> <span class='ocrx_word' id='word_1_197' title='bbox 596 2539 630 2603; x_wconf 89' lang='lat' dir='ltr'><strong>in</strong></span> <span class='ocrx_word' id='word_1_198' title='bbox 649 2540 758 2604; x_wconf 88' lang='lat' dir='ltr'><strong>verbis</strong></span> <span class='ocrx_word' id='word_1_199' title='bbox 778 2538 944 2624; x_wconf 88' lang='lat' dir='ltr'><strong>appellare</strong></span> <span class='ocrx_word' id='word_1_200' title='bbox 964 2543 996 2602; x_wconf 89' lang='lat' dir='ltr'><strong>et</strong></span> <span class='ocrx_word' id='word_1_201' title='bbox 1015 2539 1239 2623; x_wconf 88' lang='lat' dir='ltr'><strong>adproperare.</strong></span> <span class='ocrx_word' id='word_1_202' title='bbox 1274 2539 1368 2605; x_wconf 77' lang='lat' dir='ltr'><strong>‘Con-</strong></span> 
     </span>
     <span class='ocr_line' id='line_1_25' title="bbox 221 2626 1368 2715; baseline 0.002 -23"><span class='ocrx_word' id='word_1_203' title='bbox 221 2626 315 2712; x_wconf 83' lang='lat' dir='ltr'><strong>lega&#39;</strong></span> <span class='ocrx_word' id='word_1_204' title='bbox 344 2627 486 2712; x_wconf 90' lang='lat' dir='ltr'><strong>scripsit,</strong></span> <span class='ocrx_word' id='word_1_205' title='bbox 520 2627 549 2691; x_wconf 92' lang='lat' dir='ltr'><strong>si</strong></span> <span class='ocrx_word' id='word_1_206' title='bbox 576 2629 647 2711; x_wconf 92' lang='lat' dir='ltr'><strong>quis</strong></span> <span class='ocrx_word' id='word_1_207' title='bbox 676 2650 801 2693; x_wconf 91' lang='lat' dir='ltr'><strong>memor</strong></span> <span class='ocrx_word' id='word_1_208' title='bbox 829 2631 899 2692; x_wconf 88' lang='lat' dir='ltr'><strong>erat</strong></span> <span class='ocrx_word' id='word_1_209' title='bbox 930 2627 1095 2712; x_wconf 85' lang='lat' dir='ltr'><strong>designari</strong></span> <span class='ocrx_word' id='word_1_210' title='bbox 1126 2627 1280 2714; x_wconf 90' lang='lat' dir='ltr'><strong>aliquem,</strong></span> <span class='ocrx_word' id='word_1_211' title='bbox 1313 2632 1368 2715; x_wconf 91' lang='lat' dir='ltr'><strong>qui</strong></span> 
     </span>
     <span class='ocr_line' id='line_1_26' title="bbox 222 2716 1368 2804; baseline 0.001 -22"><span class='ocrx_word' id='word_1_212' title='bbox 222 2739 297 2782; x_wconf 92' lang='lat' dir='ltr'><strong>cum</strong></span> <span class='ocrx_word' id='word_1_213' title='bbox 327 2716 431 2781; x_wconf 91' lang='lat' dir='ltr'><strong>altero</strong></span> <span class='ocrx_word' id='word_1_214' title='bbox 461 2716 512 2781; x_wconf 84' lang='lat' dir='ltr'><strong>vel</strong></span> <span class='ocrx_word' id='word_1_215' title='bbox 541 2739 614 2781; x_wconf 91' lang='lat' dir='ltr'><strong>cum</strong></span> <span class='ocrx_word' id='word_1_216' title='bbox 643 2718 716 2782; x_wconf 88' lang='lat' dir='ltr'><strong>aliis</strong></span> <span class='ocrx_word' id='word_1_217' title='bbox 743 2739 809 2781; x_wconf 90' lang='lat' dir='ltr'><strong>una</strong></span> <span class='ocrx_word' id='word_1_218' title='bbox 836 2717 952 2800; x_wconf 86' lang='lat' dir='ltr'><strong>lectus,</strong></span> <span class='ocrx_word' id='word_1_219' title='bbox 982 2717 1014 2781; x_wconf 91' lang='lat' dir='ltr'><strong>id</strong></span> <span class='ocrx_word' id='word_1_220' title='bbox 1043 2721 1094 2781; x_wconf 88' lang='lat' dir='ltr'><strong>est</strong></span> <span class='ocrx_word' id='word_1_221' title='bbox 1122 2717 1243 2783; x_wconf 89' lang='lat' dir='ltr'><strong>electus</strong></span> <span class='ocrx_word' id='word_1_222' title='bbox 1268 2723 1368 2804; x_wconf 81' lang='lat' dir='ltr'><strong>esset3</strong></span> 
     </span>
     <span class='ocr_line' id='line_1_27' title="bbox 221 2805 1369 2892; baseline 0.003 -22"><span class='ocrx_word' id='word_1_223' title='bbox 221 2806 326 2870; x_wconf 91' lang='lat' dir='ltr'><strong>eidem</strong></span> <span class='ocrx_word' id='word_1_224' title='bbox 353 2809 460 2870; x_wconf 89' lang='lat' dir='ltr'><strong>autem</strong></span> <span class='ocrx_word' id='word_1_225' title='bbox 487 2807 627 2870; x_wconf 88' lang='lat' dir='ltr'><strong>scribere</strong></span> <span class='ocrx_word' id='word_1_226' title='bbox 651 2806 744 2871; x_wconf 89' lang='lat' dir='ltr'><strong>licuit</strong></span> <span class='ocrx_word' id='word_1_227' title='bbox 772 2805 897 2890; x_wconf 77' lang='lat' dir='ltr'><strong>‘algam</strong></span> <span class='ocrx_word' id='word_1_228' title='bbox 923 2829 940 2870; x_wconf 93' lang='lat' dir='ltr'><strong>e</strong></span> <span class='ocrx_word' id='word_1_229' title='bbox 964 2807 1060 2870; x_wconf 91' lang='lat' dir='ltr'><strong>litore</strong></span> <span class='ocrx_word' id='word_1_230' title='bbox 1084 2806 1263 2892; x_wconf 80' lang='lat' dir='ltr'><strong>colligere&#39;,</strong></span> <span class='ocrx_word' id='word_1_231' title='bbox 1292 2809 1369 2892; x_wconf 87' lang='lat' dir='ltr'><strong>quia</strong></span> 
     </span>
     <span class='ocr_line' id='line_1_28' title="bbox 219 2895 1368 2982; baseline 0.003 -22"><span class='ocrx_word' id='word_1_232' title='bbox 219 2895 357 2960; x_wconf 86' lang='lat' dir='ltr'><strong>verbum</strong></span> <span class='ocrx_word' id='word_1_233' title='bbox 386 2895 604 2978; x_wconf 89' lang='lat' dir='ltr'><strong>compositum</strong></span> <span class='ocrx_word' id='word_1_234' title='bbox 631 2918 749 2960; x_wconf 88' lang='lat' dir='ltr'><strong>novam</strong></span> <span class='ocrx_word' id='word_1_235' title='bbox 778 2895 957 2981; x_wconf 89' lang='lat' dir='ltr'><strong>assumpsit</strong></span> <span class='ocrx_word' id='word_1_236' title='bbox 990 2896 1260 2982; x_wconf 81' lang='lat' dir='ltr'><strong>significationem</strong></span> <span class='ocrx_word' id='word_1_237' title='bbox 1294 2921 1368 2963; x_wconf 94' lang='lat' dir='ltr'><strong>con-</strong></span> 
     </span>
     <span class='ocr_line' id='line_1_29' title="bbox 220 2983 1369 3070; baseline 0.003 -22"><span class='ocrx_word' id='word_1_238' title='bbox 220 2983 372 3069; x_wconf 91' lang='lat' dir='ltr'><strong>quirendi</strong></span> <span class='ocrx_word' id='word_1_239' title='bbox 395 2984 446 3048; x_wconf 86' lang='lat' dir='ltr'><strong>vel</strong></span> <span class='ocrx_word' id='word_1_240' title='bbox 470 2985 679 3069; x_wconf 82' lang='lat' dir='ltr'><strong>congerendi,</strong></span> <span class='ocrx_word' id='word_1_241' title='bbox 708 3007 790 3070; x_wconf 88' lang='lat' dir='ltr'><strong>qnae</strong></span> <span class='ocrx_word' id='word_1_242' title='bbox 813 2985 915 3051; x_wconf 86' lang='lat' dir='ltr'><strong>verbo</strong></span> <span class='ocrx_word' id='word_1_243' title='bbox 945 2985 1085 3068; x_wconf 90' lang='lat' dir='ltr'><strong>simplici</strong></span> <span class='ocrx_word' id='word_1_244' title='bbox 1108 2988 1213 3051; x_wconf 89' lang='lat' dir='ltr'><strong>rarius</strong></span> <span class='ocrx_word' id='word_1_245' title='bbox 1238 2988 1369 3052; x_wconf 87' lang='lat' dir='ltr'><strong>subdita</strong></span> 
     </span>
     <span class='ocr_line' id='line_1_30' title="bbox 222 3072 1371 3159; baseline 0.002 -21"><span class='ocrx_word' id='word_1_246' title='bbox 222 3076 283 3139; x_wconf 87' lang='lat' dir='ltr'><strong>est.</strong></span> <span class='ocrx_word' id='word_1_247' title='bbox 332 3072 458 3137; x_wconf 88' lang='lat' dir='ltr'><strong>Deinde</strong></span> <span class='ocrx_word' id='word_1_248' title='bbox 487 3074 626 3138; x_wconf 85' lang='lat' dir='ltr'><strong>alterum</strong></span> <span class='ocrx_word' id='word_1_249' title='bbox 655 3074 815 3158; x_wconf 86' lang='lat' dir='ltr'><strong>quoddam</strong></span> <span class='ocrx_word' id='word_1_250' title='bbox 847 3074 943 3138; x_wconf 87' lang='lat' dir='ltr'><strong>etiam</strong></span> <span class='ocrx_word' id='word_1_251' title='bbox 973 3081 1035 3158; x_wconf 88' lang='lat' dir='ltr'><strong>est,</strong></span> <span class='ocrx_word' id='word_1_252' title='bbox 1064 3074 1149 3159; x_wconf 90' lang='lat' dir='ltr'><strong>quod</strong></span> <span class='ocrx_word' id='word_1_253' title='bbox 1177 3077 1303 3158; x_wconf 90' lang='lat' dir='ltr'><strong>suadet,</strong></span> <span class='ocrx_word' id='word_1_254' title='bbox 1331 3099 1371 3140; x_wconf 89' lang='lat' dir='ltr'><strong>nc</strong></span> 
     </span>
     <span class='ocr_line' id='line_1_31' title="bbox 222 3162 1371 3248; baseline 0.003 -21"><span class='ocrx_word' id='word_1_255' title='bbox 222 3163 282 3227; x_wconf 91' lang='lat' dir='ltr'><strong>uni</strong></span> <span class='ocrx_word' id='word_1_256' title='bbox 319 3162 429 3227; x_wconf 90' lang='lat' dir='ltr'><strong>omnia</strong></span> <span class='ocrx_word' id='word_1_257' title='bbox 462 3163 529 3248; x_wconf 86' lang='lat' dir='ltr'><strong>legi</strong></span> <span class='ocrx_word' id='word_1_258' title='bbox 561 3163 772 3248; x_wconf 76' lang='lat' dir='ltr'><strong>subiciamuS,</strong></span> <span class='ocrx_word' id='word_1_259' title='bbox 805 3163 930 3228; x_wconf 86' lang='lat' dir='ltr'><strong>scilieet</strong></span> <span class='ocrx_word' id='word_1_260' title='bbox 962 3163 1090 3228; x_wconf 84' lang='lat' dir='ltr'><strong>diversa</strong></span> <span class='ocrx_word' id='word_1_261' title='bbox 1123 3165 1371 3230; x_wconf 87' lang='lat' dir='ltr'><strong>consonantium</strong></span> 
     </span>
     <span class='ocr_line' id='line_1_32' title="bbox 222 3251 1370 3339; baseline 0.002 -23"><span class='ocrx_word' id='word_1_262' title='bbox 222 3256 357 3316; x_wconf 89' lang='lat' dir='ltr'><strong>natura:</strong></span> <span class='ocrx_word' id='word_1_263' title='bbox 377 3255 488 3335; x_wconf 89' lang='lat' dir='ltr'><strong>potest</strong></span> <span class='ocrx_word' id='word_1_264' title='bbox 506 3251 590 3316; x_wconf 91' lang='lat' dir='ltr'><strong>enim</strong></span> <span class='ocrx_word' id='word_1_265' title='bbox 611 3253 695 3338; x_wconf 88' lang='lat' dir='ltr'><strong>fieri,</strong></span> <span class='ocrx_word' id='word_1_266' title='bbox 712 3256 749 3316; x_wconf 89' lang='lat' dir='ltr'><strong>ut</strong></span> <span class='ocrx_word' id='word_1_267' title='bbox 768 3254 839 3336; x_wconf 89' lang='lat' dir='ltr'><strong>quis</strong></span> <span class='ocrx_word' id='word_1_268' title='bbox 859 3252 1025 3336; x_wconf 88' lang='lat' dir='ltr'><strong>scripserit</strong></span> <span class='ocrx_word' id='word_1_269' title='bbox 1040 3252 1265 3339; x_wconf 73' lang='lat' dir='ltr'><strong>‘conponere&#39;,</strong></span> <span class='ocrx_word' id='word_1_270' title='bbox 1283 3254 1370 3318; x_wconf 89' lang='lat' dir='ltr'><strong>idern</strong></span> 
     </span>
     <span class='ocr_line' id='line_1_33' title="bbox 221 3341 1368 3426; baseline 0.002 -20"><span class='ocrx_word' id='word_1_271' title='bbox 221 3341 461 3422; x_wconf 77' lang='lat' dir='ltr'><strong>‘commorari&#39;,</strong></span> <span class='ocrx_word' id='word_1_272' title='bbox 485 3342 561 3426; x_wconf 91' lang='lat' dir='ltr'><strong>quia</strong></span> <span class='ocrx_word' id='word_1_273' title='bbox 581 3341 766 3406; x_wconf 91' lang='lat' dir='ltr'><strong>litterarum</strong></span> <span class='ocrx_word' id='word_1_274' title='bbox 785 3365 841 3405; x_wconf 93' lang='lat' dir='ltr'><strong>nm</strong></span> <span class='ocrx_word' id='word_1_275' title='bbox 860 3363 1035 3407; x_wconf 88' lang='lat' dir='ltr'><strong>concursus</strong></span> <span class='ocrx_word' id='word_1_276' title='bbox 1056 3343 1160 3408; x_wconf 89' lang='lat' dir='ltr'><strong>multo</strong></span> <span class='ocrx_word' id='word_1_277' title='bbox 1181 3343 1290 3408; x_wconf 90' lang='lat' dir='ltr'><strong>durior</strong></span> <span class='ocrx_word' id='word_1_278' title='bbox 1310 3348 1368 3408; x_wconf 88' lang='lat' dir='ltr'><strong>est.</strong></span> 
     </span>
     <span class='ocr_line' id='line_1_34' title="bbox 219 3429 1367 3517; baseline 0.002 -23"><span class='ocrx_word' id='word_1_279' title='bbox 219 3431 314 3507; x_wconf 80' lang='lat' dir='ltr'><strong>Quae</strong></span> <span class='ocrx_word' id='word_1_280' title='bbox 338 3452 412 3494; x_wconf 91' lang='lat' dir='ltr'><strong>cum</strong></span> <span class='ocrx_word' id='word_1_281' title='bbox 434 3429 482 3494; x_wconf 88' lang='lat' dir='ltr'><strong>ita</strong></span> <span class='ocrx_word' id='word_1_282' title='bbox 505 3431 585 3515; x_wconf 91' lang='lat' dir='ltr'><strong>sint,</strong></span> <span class='ocrx_word' id='word_1_283' title='bbox 609 3454 629 3495; x_wconf 91' lang='lat' dir='ltr'><strong>a</strong></span> <span class='ocrx_word' id='word_1_284' title='bbox 652 3431 816 3496; x_wconf 91' lang='lat' dir='ltr'><strong>codicibus</strong></span> <span class='ocrx_word' id='word_1_285' title='bbox 841 3431 994 3495; x_wconf 89' lang='lat' dir='ltr'><strong>standum</strong></span> <span class='ocrx_word' id='word_1_286' title='bbox 1018 3434 1080 3515; x_wconf 91' lang='lat' dir='ltr'><strong>est,</strong></span> <span class='ocrx_word' id='word_1_287' title='bbox 1104 3436 1137 3496; x_wconf 88' lang='lat' dir='ltr'><strong>et</strong></span> <span class='ocrx_word' id='word_1_288' title='bbox 1158 3433 1205 3496; x_wconf 93' lang='lat' dir='ltr'><strong>ita</strong></span> <span class='ocrx_word' id='word_1_289' title='bbox 1229 3433 1367 3517; x_wconf 91' lang='lat' dir='ltr'><strong>quidem,</strong></span> 
     </span>
     <span class='ocr_line' id='line_1_35' title="bbox 222 3519 1368 3605; baseline 0.003 -23"><span class='ocrx_word' id='word_1_290' title='bbox 222 3524 262 3583; x_wconf 91' lang='lat' dir='ltr'><strong>ut</strong></span> <span class='ocrx_word' id='word_1_291' title='bbox 286 3519 424 3604; x_wconf 81' lang='lat' dir='ltr'><strong>singulis</strong></span> <span class='ocrx_word' id='word_1_292' title='bbox 447 3519 557 3584; x_wconf 85' lang='lat' dir='ltr'><strong>verbis</strong></span> <span class='ocrx_word' id='word_1_293' title='bbox 580 3542 645 3584; x_wconf 91' lang='lat' dir='ltr'><strong>una</strong></span> <span class='ocrx_word' id='word_1_294' title='bbox 667 3524 797 3585; x_wconf 90' lang='lat' dir='ltr'><strong>tantum</strong></span> <span class='ocrx_word' id='word_1_295' title='bbox 820 3520 987 3584; x_wconf 87' lang='lat' dir='ltr'><strong>tribuatur</strong></span> <span class='ocrx_word' id='word_1_296' title='bbox 1010 3520 1129 3605; x_wconf 90' lang='lat' dir='ltr'><strong>forma,</strong></span> <span class='ocrx_word' id='word_1_297' title='bbox 1153 3525 1186 3585; x_wconf 91' lang='lat' dir='ltr'><strong>et</strong></span> <span class='ocrx_word' id='word_1_298' title='bbox 1210 3525 1368 3604; x_wconf 90' lang='lat' dir='ltr'><strong>quantum</strong></span> 
     </span>
     <span class='ocr_line' id='line_1_36' title="bbox 217 3608 1366 3696; baseline 0.002 -23"><span class='ocrx_word' id='word_1_299' title='bbox 217 3608 291 3673; x_wconf 91' lang='lat' dir='ltr'><strong>fieri</strong></span> <span class='ocrx_word' id='word_1_300' title='bbox 313 3611 424 3694; x_wconf 91' lang='lat' dir='ltr'><strong>potest</strong></span> <span class='ocrx_word' id='word_1_301' title='bbox 447 3630 512 3674; x_wconf 95' lang='lat' dir='ltr'><strong>non</strong></span> <span class='ocrx_word' id='word_1_302' title='bbox 537 3610 732 3687; x_wconf 88' lang='lat' dir='ltr'><strong>assimilata,</strong></span> <span class='ocrx_word' id='word_1_303' title='bbox 761 3609 936 3673; x_wconf 91' lang='lat' dir='ltr'><strong>dummodo</strong></span> <span class='ocrx_word' id='word_1_304' title='bbox 967 3631 1006 3673; x_wconf 91' lang='lat' dir='ltr'><strong>ea</strong></span> <span class='ocrx_word' id='word_1_305' title='bbox 1030 3609 1092 3673; x_wconf 90' lang='lat' dir='ltr'><strong>etsi</strong></span> <span class='ocrx_word' id='word_1_306' title='bbox 1115 3632 1181 3675; x_wconf 93' lang='lat' dir='ltr'><strong>non</strong></span> <span class='ocrx_word' id='word_1_307' title='bbox 1205 3612 1366 3696; x_wconf 77' lang='lat' dir='ltr'><strong>omnibuS,</strong></span> 
     </span>
     <span class='ocr_line' id='line_1_37' title="bbox 217 3698 1366 3782; baseline 0.002 -20"><span class='ocrx_word' id='word_1_308' title='bbox 217 3698 384 3762; x_wconf 91' lang='lat' dir='ltr'><strong>nonnullis</strong></span> <span class='ocrx_word' id='word_1_309' title='bbox 407 3701 517 3762; x_wconf 89' lang='lat' dir='ltr'><strong>tamen</strong></span> <span class='ocrx_word' id='word_1_310' title='bbox 538 3698 618 3764; x_wconf 88' lang='lat' dir='ltr'><strong>locis</strong></span> <span class='ocrx_word' id='word_1_311' title='bbox 638 3699 835 3782; x_wconf 89' lang='lat' dir='ltr'><strong>optimorum</strong></span> <span class='ocrx_word' id='word_1_312' title='bbox 855 3698 1000 3763; x_wconf 91' lang='lat' dir='ltr'><strong>codicum</strong></span> <span class='ocrx_word' id='word_1_313' title='bbox 1021 3699 1215 3765; x_wconf 89' lang='lat' dir='ltr'><strong>auctoritate</strong></span> <span class='ocrx_word' id='word_1_314' title='bbox 1234 3700 1366 3766; x_wconf 90' lang='lat' dir='ltr'><strong>nitatur.</strong></span> 
     </span>
     <span class='ocr_line' id='line_1_38' title="bbox 217 3785 1367 3875; baseline 0.003 -24"><span class='ocrx_word' id='word_1_315' title='bbox 217 3786 343 3862; x_wconf 80' lang='lat' dir='ltr'><strong>Quodsi</strong></span> <span class='ocrx_word' id='word_1_316' title='bbox 366 3786 467 3871; x_wconf 84' lang='lat' dir='ltr'><strong>igitur</strong></span> <span class='ocrx_word' id='word_1_317' title='bbox 490 3786 524 3850; x_wconf 90' lang='lat' dir='ltr'><strong>in</strong></span> <span class='ocrx_word' id='word_1_318' title='bbox 546 3785 578 3850; x_wconf 92' lang='lat' dir='ltr'><strong>A</strong></span> <span class='ocrx_word' id='word_1_319' title='bbox 601 3787 726 3852; x_wconf 89' lang='lat' dir='ltr'><strong>duobus</strong></span> <span class='ocrx_word' id='word_1_320' title='bbox 744 3788 825 3853; x_wconf 90' lang='lat' dir='ltr'><strong>locis</strong></span> <span class='ocrx_word' id='word_1_321' title='bbox 850 3787 1006 3871; x_wconf 91' lang='lat' dir='ltr'><strong>scriptum</strong></span> <span class='ocrx_word' id='word_1_322' title='bbox 1031 3791 1081 3852; x_wconf 88' lang='lat' dir='ltr'><strong>est</strong></span> <span class='ocrx_word' id='word_1_323' title='bbox 1105 3790 1269 3875; x_wconf 88' lang='lat' dir='ltr'><strong>conpello,</strong></span> <span class='ocrx_word' id='word_1_324' title='bbox 1291 3791 1367 3854; x_wconf 91' lang='lat' dir='ltr'><strong>toti-</strong></span> 
     </span>
     <span class='ocr_line' id='line_1_39' title="bbox 218 3875 1366 3959; baseline 0.003 -20"><span class='ocrx_word' id='word_1_325' title='bbox 218 3875 292 3940; x_wconf 89' lang='lat' dir='ltr'><strong>dem</strong></span> <span class='ocrx_word' id='word_1_326' title='bbox 317 3875 492 3959; x_wconf 88' lang='lat' dir='ltr'><strong>compello,</strong></span> <span class='ocrx_word' id='word_1_327' title='bbox 520 3876 582 3942; x_wconf 92' lang='lat' dir='ltr'><strong>hoc</strong></span> <span class='ocrx_word' id='word_1_328' title='bbox 611 3900 630 3941; x_wconf 92' lang='lat' dir='ltr'><strong>a</strong></span> <span class='ocrx_word' id='word_1_329' title='bbox 658 3876 802 3942; x_wconf 89' lang='lat' dir='ltr'><strong>librariis</strong></span> <span class='ocrx_word' id='word_1_330' title='bbox 831 3899 869 3941; x_wconf 88' lang='lat' dir='ltr'><strong>ex</strong></span> <span class='ocrx_word' id='word_1_331' title='bbox 893 3877 1123 3942; x_wconf 91' lang='lat' dir='ltr'><strong>consuetudine</strong></span> <span class='ocrx_word' id='word_1_332' title='bbox 1148 3900 1224 3942; x_wconf 89' lang='lat' dir='ltr'><strong>suae</strong></span> <span class='ocrx_word' id='word_1_333' title='bbox 1248 3880 1366 3944; x_wconf 89' lang='lat' dir='ltr'><strong>aetatis</strong></span> 
     </span>
     <span class='ocr_line' id='line_1_40' title="bbox 217 3964 1253 4050; baseline 0.003 -23"><span class='ocrx_word' id='word_1_334' title='bbox 217 3964 362 4048; x_wconf 91' lang='lat' dir='ltr'><strong>illatum,</strong></span> <span class='ocrx_word' id='word_1_335' title='bbox 385 3965 467 4028; x_wconf 89' lang='lat' dir='ltr'><strong>illud</strong></span> <span class='ocrx_word' id='word_1_336' title='bbox 490 3966 531 4029; x_wconf 93' lang='lat' dir='ltr'><strong>ab</strong></span> <span class='ocrx_word' id='word_1_337' title='bbox 556 3965 671 4030; x_wconf 91' lang='lat' dir='ltr'><strong>Asinio</strong></span> <span class='ocrx_word' id='word_1_338' title='bbox 696 3967 853 4050; x_wconf 90' lang='lat' dir='ltr'><strong>scriptum</strong></span> <span class='ocrx_word' id='word_1_339' title='bbox 879 3988 948 4030; x_wconf 90' lang='lat' dir='ltr'><strong>csse</strong></span> <span class='ocrx_word' id='word_1_340' title='bbox 973 3967 1040 4030; x_wconf 84' lang='lat' dir='ltr'><strong>veri</strong></span> <span class='ocrx_word' id='word_1_341' title='bbox 1065 3966 1171 4030; x_wconf 92' lang='lat' dir='ltr'><strong>simile</strong></span> <span class='ocrx_word' id='word_1_342' title='bbox 1196 3971 1253 4032; x_wconf 88' lang='lat' dir='ltr'><strong>est.</strong></span> 
     </span>
    </p>

    <p class='ocr_par' dir='ltr' id='par_1_5' title="bbox 216 4053 1366 4586">
     <span class='ocr_line' id='line_1_41' title="bbox 307 4053 1365 4121; baseline 0 -1"><span class='ocrx_word' id='word_1_343' title='bbox 307 4053 360 4120; x_wconf 85' lang='lat' dir='ltr'><strong>ab.</strong></span> <span class='ocrx_word' id='word_1_344' title='bbox 395 4053 445 4120; x_wconf 84' lang='lat' dir='ltr'><strong>ob.</strong></span> <span class='ocrx_word' id='word_1_345' title='bbox 479 4053 549 4120; x_wconf 81' lang='lat' dir='ltr'><strong>sub.</strong></span> <span class='ocrx_word' id='word_1_346' title='bbox 595 4053 660 4120; x_wconf 81' lang='lat' dir='ltr'><strong>Cur</strong></span> <span class='ocrx_word' id='word_1_347' title='bbox 688 4055 828 4120; x_wconf 85' lang='lat' dir='ltr'><strong>Romani</strong></span> <span class='ocrx_word' id='word_1_348' title='bbox 857 4056 1087 4121; x_wconf 90' lang='lat' dir='ltr'><strong>abhorruerint</strong></span> <span class='ocrx_word' id='word_1_349' title='bbox 1113 4056 1181 4120; x_wconf 88' lang='lat' dir='ltr'><strong>fere</strong></span> <span class='ocrx_word' id='word_1_350' title='bbox 1210 4079 1230 4120; x_wconf 89' lang='lat' dir='ltr'><strong>a</strong></span> <span class='ocrx_word' id='word_1_351' title='bbox 1256 4056 1365 4120; x_wconf 88' lang='lat' dir='ltr'><strong>verbis</strong></span> 
     </span>
     <span class='ocr_line' id='line_1_42' title="bbox 218 4141 1365 4230; baseline 0.002 -23"><span class='ocrx_word' id='word_1_352' title='bbox 218 4144 413 4230; x_wconf 79' lang='lat' dir='ltr'><strong>abgregare,</strong></span> <span class='ocrx_word' id='word_1_353' title='bbox 436 4143 585 4228; x_wconf 86' lang='lat' dir='ltr'><strong>abgredi,</strong></span> <span class='ocrx_word' id='word_1_354' title='bbox 609 4144 731 4209; x_wconf 90' lang='lat' dir='ltr'><strong>dictum</strong></span> <span class='ocrx_word' id='word_1_355' title='bbox 755 4148 805 4208; x_wconf 88' lang='lat' dir='ltr'><strong>est</strong></span> <span class='ocrx_word' id='word_1_356' title='bbox 828 4145 868 4208; x_wconf 90' lang='lat' dir='ltr'><strong>ad</strong></span> <span class='ocrx_word' id='word_1_357' title='bbox 893 4145 957 4227; x_wconf 77' lang='lat'><strong>7,4</strong></span> <span class='ocrx_word' id='word_1_358' title='bbox 981 4141 1181 4229; x_wconf 82' lang='lat' dir='ltr'><strong>(digredior).</strong></span> <span class='ocrx_word' id='word_1_359' title='bbox 1203 4181 1242 4190; x_wconf 96' lang='lat'>-</span> <span class='ocrx_word' id='word_1_360' title='bbox 1263 4145 1365 4209; x_wconf 84' lang='lat' dir='ltr'><strong>obcoe-</strong></span> 
     </span>
     <span class='ocr_line' id='line_1_43' title="bbox 217 4233 1366 4316; baseline 0.003 -20"><span class='ocrx_word' id='word_1_361' title='bbox 217 4239 302 4297; x_wconf 84' lang='lat' dir='ltr'><strong>catae</strong></span> <span class='ocrx_word' id='word_1_362' title='bbox 329 4233 426 4316; x_wconf 85' lang='lat'><strong>40,4</strong></span> <span class='ocrx_word' id='word_1_363' title='bbox 458 4254 570 4297; x_wconf 91' lang='lat' dir='ltr'><strong>omnes</strong></span> <span class='ocrx_word' id='word_1_364' title='bbox 604 4234 745 4315; x_wconf 89' lang='lat' dir='ltr'><strong>codices,</strong></span> <span class='ocrx_word' id='word_1_365' title='bbox 779 4233 807 4296; x_wconf 91' lang='lat' dir='ltr'><strong>si</strong></span> <span class='ocrx_word' id='word_1_366' title='bbox 839 4233 919 4297; x_wconf 90' lang='lat' dir='ltr'><strong>fides</strong></span> <span class='ocrx_word' id='word_1_367' title='bbox 952 4237 1003 4297; x_wconf 90' lang='lat' dir='ltr'><strong>est</strong></span> <span class='ocrx_word' id='word_1_368' title='bbox 1032 4233 1217 4316; x_wconf 82' lang='lat' dir='ltr'><strong>Duebner03</strong></span> <span class='ocrx_word' id='word_1_369' title='bbox 1251 4240 1366 4299; x_wconf 88' lang='lat' dir='ltr'><strong>contra</strong></span> 
     </span>
     <span class='ocr_line' id='line_1_44' title="bbox 217 4320 1364 4407; baseline 0.002 -21"><span class='ocrx_word' id='word_1_370' title='bbox 217 4343 395 4406; x_wconf 91' lang='lat' dir='ltr'><strong>opponere,</strong></span> <span class='ocrx_word' id='word_1_371' title='bbox 414 4323 611 4406; x_wconf 90' lang='lat' dir='ltr'><strong>opprimere,</strong></span> <span class='ocrx_word' id='word_1_372' title='bbox 631 4343 828 4406; x_wconf 84' lang='lat' dir='ltr'><strong>oppugnare.</strong></span> <span class='ocrx_word' id='word_1_373' title='bbox 859 4320 1033 4407; x_wconf 82' lang='lat' dir='ltr'><strong>(Sequente</strong></span> <span class='ocrx_word' id='word_1_374' title='bbox 1053 4323 1165 4386; x_wconf 89' lang='lat' dir='ltr'><strong>littera</strong></span> <span class='ocrx_word' id='word_1_375' title='bbox 1178 4326 1194 4386; x_wconf 92' lang='lat' dir='ltr'><strong>t</strong></span> <span class='ocrx_word' id='word_1_376' title='bbox 1209 4324 1364 4389; x_wconf 89' lang='lat' dir='ltr'><strong>scribitur</strong></span> 
     </span>
     <span class='ocr_line' id='line_1_45' title="bbox 216 4409 1362 4495; baseline 0.001 -19"><span class='ocrx_word' id='word_1_377' title='bbox 216 4432 272 4495; x_wconf 71' lang='lat' dir='ltr'><strong>op,</strong></span> <span class='ocrx_word' id='word_1_378' title='bbox 301 4411 370 4495; x_wconf 82' lang='lat'><strong>2,3</strong></span> <span class='ocrx_word' id='word_1_379' title='bbox 395 4411 566 4494; x_wconf 89' lang='lat' dir='ltr'><strong>optinebat</strong></span> <span class='ocrx_word' id='word_1_380' title='bbox 588 4409 696 4494; x_wconf 86' lang='lat' dir='ltr'><strong>ALP,</strong></span> <span class='ocrx_word' id='word_1_381' title='bbox 726 4411 812 4494; x_wconf 92' lang='lat' dir='ltr'><strong>quod</strong></span> <span class='ocrx_word' id='word_1_382' title='bbox 840 4409 991 4475; x_wconf 90' lang='lat' dir='ltr'><strong>Asinium</strong></span> <span class='ocrx_word' id='word_1_383' title='bbox 1021 4411 1140 4495; x_wconf 91' lang='lat' dir='ltr'><strong>ubique</strong></span> <span class='ocrx_word' id='word_1_384' title='bbox 1168 4412 1282 4478; x_wconf 89' lang='lat' dir='ltr'><strong>fecisse</strong></span> <span class='ocrx_word' id='word_1_385' title='bbox 1311 4436 1362 4477; x_wconf 91' lang='lat' dir='ltr'><strong>su·</strong></span> 
     </span>
     <span class='ocr_line' id='line_1_46' title="bbox 219 4499 1363 4586; baseline 0.003 -23"><span class='ocrx_word' id='word_1_386' title='bbox 219 4499 370 4564; x_wconf 92' lang='lat' dir='ltr'><strong>mendum</strong></span> <span class='ocrx_word' id='word_1_387' title='bbox 399 4502 462 4585; x_wconf 90' lang='lat' dir='ltr'><strong>est,</strong></span> <span class='ocrx_word' id='word_1_388' title='bbox 490 4523 688 4586; x_wconf 90' lang='lat' dir='ltr'><strong>quamquam</strong></span> <span class='ocrx_word' id='word_1_389' title='bbox 717 4501 818 4585; x_wconf 81' lang='lat'><strong>27,1.</strong></span> <span class='ocrx_word' id='word_1_390' title='bbox 847 4501 899 4584; x_wconf 88' lang='grc'><strong>31,</strong></span> <span class='ocrx_word' id='word_1_391' title='bbox 918 4501 948 4566; x_wconf 82' lang='lat'><strong>2.</strong></span> <span class='ocrx_word' id='word_1_392' title='bbox 975 4500 1069 4585; x_wconf 80' lang='lat'><strong>94,2</strong></span> <span class='ocrx_word' id='word_1_393' title='bbox 1097 4522 1209 4567; x_wconf 91' lang='lat' dir='ltr'><strong>omnes</strong></span> <span class='ocrx_word' id='word_1_394' title='bbox 1238 4502 1363 4568; x_wconf 88' lang='lat' dir='ltr'><strong>codices</strong></span> 
     </span>
    </p>
   </div>
   <div class='ocr_carea' id='block_1_3' title="bbox 0 0 1650 5132">
    <p class='ocr_par' dir='ltr' id='par_1_6' title="bbox 0 0 1650 5132">
     <span class='ocr_line' id='line_1_47' title="bbox 0 0 1650 5132; baseline 0 2"><span class='ocrx_word' id='word_1_395' title='bbox 0 0 1650 5132; x_wconf 95' lang='lat' dir='ltr'><strong> </strong></span> 
     </span>
    </p>
   </div>
  </div>
 </body>
</html>
