3292 5132
294 341 412 395 XXXVI
763 335 977 391 PRAEFATIO.

295 512 332 572 ut
355 507 469 570 auctor
497 500 576 566 belli
598 500 719 585 Africi,
743 500 770 564 si
794 499 856 564 fuit
879 497 1055 564 secundum
1078 495 1311 583 Nipperdeium
1335 523 1376 566 ex
1398 503 1445 566 in-

295 594 425 660 ferioris
453 590 653 658 condicionis
677 589 879 673 hominibus,
907 589 947 653 ad
972 588 1168 653 ordinandos
1192 593 1445 657 commentarios

295 707 403 749 rerum
428 706 447 747 a
471 679 609 747 Caesare
641 683 807 766 gestarum
835 680 1014 745 vocaretur.
1061 675 1095 741 Si
1123 680 1245 758 autem,
1278 679 1364 764 qnod
1392 681 1444 745 de·

296 773 492 838 monstrarit
524 769 705 854 Landgraf,
743 772 856 833 auctor
892 767 970 832 belli
1003 766 1106 831 Africi
1139 768 1296 832 successit
1328 768 1446 854 Hirtio,

295 863 381 927 inter
395 858 669 926 familiarissimos
681 855 828 924 Caesaris
843 857 994 940 virosque
1008 856 1149 920 urbanos
1159 857 1288 922 liberali
1299 858 1446 924 doctrina

296 952 441 1017 excultos
469 947 670 1035 quaerendus
704 951 762 1011 est.
807 945 898 1012 Haec
931 945 1159 1028 reputantibus
1194 950 1251 1010 aut
1277 969 1360 1011 unus
1389 953 1446 1013 aut

296 1043 383 1106 inter
406 1039 529 1124 primos
554 1041 640 1101 certe
660 1036 832 1100 offerretur
851 1035 984 1100 Asinius
1004 1033 1107 1117 Polio,
1131 1036 1285 1120 quoniam
1304 1037 1444 1120 Oppium

298 1136 331 1194 et
353 1127 493 1194 Balbum
517 1148 584 1192 non
607 1127 642 1190 in
665 1124 776 1190 Africa
798 1125 899 1189 fuisse
922 1127 1065 1208 constat,
1093 1123 1121 1188 si
1151 1124 1223 1208 quis
1246 1147 1323 1190 vero
1346 1147 1444 1209 porro

296 1218 494 1303 reputaverit
518 1215 625 1281 Asinii
653 1215 778 1280 dicendi
802 1235 919 1300 genus,
942 1213 978 1278 in
1007 1218 1164 1298 quantum
1186 1235 1228 1280 ex
1250 1215 1355 1279 tribus
1380 1217 1446 1300 epi·

297 1308 393 1372 stulis
427 1305 648 1392 cognoscitur,
678 1304 775 1388 plane
809 1301 1003 1368 concordare
1032 1325 1104 1368 cum
1137 1303 1224 1367 bello
1253 1304 1377 1390 Africo,
1406 1306 1445 1372 de

298 1402 431 1463 auctora
453 1417 520 1460 non
544 1396 611 1458 iam
635 1395 734 1457 dubia
757 1415 808 1458 res
826 1393 902 1456 erit.

392 1484 489 1550 Haud
509 1483 605 1546 dubie
623 1482 764 1568 Asinius,
783 1483 849 1546 iam
868 1503 941 1547 oum
963 1479 999 1545 in
1018 1479 1130 1545 Africa
1149 1484 1245 1567 esset,
1263 1501 1314 1546 res
1334 1487 1445 1567 gestes

299 1577 335 1640 in
359 1573 609 1640 commentarios
634 1571 767 1636 diurnos
791 1571 977 1652 rettulerat,
1008 1569 1125 1655 quibus
1152 1571 1186 1633 in
1214 1571 1445 1638 conscribendo

298 1667 383 1730 libro
409 1663 560 1727 debello
584 1660 696 1725 Africo
720 1683 798 1725 usus
827 1664 892 1737 est;
925 1659 1058 1743 eiusque
1081 1660 1129 1724 rei
1152 1659 1291 1744 vestigia
1316 1661 1350 1725 in
1373 1663 1446 1746 ipsa

298 1753 486 1818 narratione
508 1753 682 1834 supersunt
702 1750 783 1814 satis
797 1749 911 1813 multa.
945 1746 1021 1833 (lap.
1039 1749 1121 1829 lua
1140 1749 1236 1831 enim,
1255 1771 1312 1814 cur
1327 1749 1447 1816 Caesar

299 1865 372 1908 eum
404 1845 531 1926 septam
560 1839 749 1904 cohortibus
779 1859 879 1904 naves
910 1837 1148 1924 conscenderit,
1177 1839 1322 1926 ignorat,
1357 1841 1448 1926 11,4

299 1937 423 2011 contra,
448 1951 529 2014 quae
551 1931 683 2013 postero
707 1929 758 1992 die
782 1926 923 2012 scripsit,
948 1925 1037 1992 ducis
1057 1927 1229 1992 consilium
1249 1927 1446 1996 declaratum

300 2026 365 2105 est,
388 2019 539 2085 similiter
558 2018 593 2082 in
612 2018 817 2083 enarratione
836 2017 952 2102 proelii
972 2016 1186 2101 Ruspinensis
1205 2016 1448 2105 (cap.l2-18)

299 2110 458 2176 nonnulla
489 2107 677 2172 obscuriora
707 2111 798 2192 sunt,
828 2106 931 2170 multo
964 2106 1070 2192 magis
1103 2127 1155 2170 res
1188 2107 1447 2173 adversariorum

300 2200 485 2264 illustratae
523 2219 591 2281 cap.
613 2197 669 2281 19,
703 2195 778 2280 quia
814 2195 972 2279 postridie
1009 2195 1166 2281 perfugae
1200 2193 1368 2261 Caesarem
1408 2198 1448 2263 de

302 2310 415 2354 eorum
439 2286 583 2351 consiliis
608 2286 781 2350 certiorem
803 2285 958 2349 fecerunt.
994 2282 1109 2369 Neque
1127 2287 1237 2350 tamen
1260 2284 1369 2370 ipsum
1391 2310 1449 2352 no·

302 2382 409 2442 strum
429 2376 551 2440 librum
570 2375 706 2440 eundem
726 2397 796 2440 csse
816 2396 889 2438 oum
908 2373 1024 2440 diurna
1044 2375 1105 2439 illa
1123 2377 1270 2439 actorum
1289 2377 1450 2460 scriptura
1562 2441 1570 2462 Ι

302 2467 509 2548 crediderim,
538 2487 611 2530 cum
640 2465 795 2549 scriptor,
823 2463 908 2547 quod
931 2464 1101 2546 proprium
1129 2469 1179 2528 est
1206 2464 1448 2548 ephemeridum

302 2555 426 2644 generi,
458 2554 541 2619 nihil
566 2554 604 2618 de
632 2575 666 2618 se
690 2555 762 2637 ipso
785 2553 959 2617 rettulerit.
1007 2552 1112 2618 Immo
1135 2552 1219 2617 hanc
1243 2555 1285 2619 ob
1310 2577 1450 2639 causam,

303 2646 390 2731 quod
409 2645 466 2709 ille
486 2643 628 2708 debello
644 2641 755 2709 Africo
772 2641 890 2707 litteris
904 2642 1080 2726 mandavit,
1098 2663 1165 2706 non
1184 2641 1255 2724 sibi,
1273 2644 1330 2708 sed
1349 2645 1447 2730 vulgo

306 2735 476 2818 seripsisse
496 2736 640 2817 apparet.
678 2732 774 2809 Quid!
799 2731 894 2816 quod,
913 2754 995 2815 quae
1014 2731 1101 2814 57,3
1121 2731 1159 2796 de
1177 2730 1319 2817 Aquinio
1338 2733 1450 2820 legun-

301 2829 374 2906 tur,
398 2824 438 2887 ab
462 2844 500 2886 eo
525 2823 647 2904 scripta
671 2825 760 2907 sunt,
783 2824 839 2906 qui
862 2843 937 2885 eum
959 2825 1035 2905 post
1057 2841 1202 2906 pugnam
1226 2821 1449 2906 Thapsansem

303 2916 436 2997 captum
461 2911 502 2975 ab
522 2908 662 2976 Caesare
680 2911 876 2976 incolumem
896 2910 1065 2976 dimissum
1087 2931 1157 2976 esse
1176 2911 1283 2976 sciret.
1323 2911 1449 2999 Itaque,

303 3023 504 3086 quamquam
541 2999 782 3083 ephemeridum
818 3001 1042 3085 neglegentiae
1079 3000 1238 3086 quaedam
1275 3007 1448 3086 supersunt

302 3091 459 3175 vestigia,
488 3090 576 3155 velut
604 3089 686 3153 illud
715 3087 880 3152 ‘interim'
909 3090 1075 3174 octoginta
1097 3089 1165 3154 fere
1192 3090 1272 3155 locis
1295 3093 1449 3176 positum,

303 3183 419 3243 tamen
438 3181 511 3263 ipsa
528 3177 604 3242 libri
622 3178 747 3243 indoles
766 3200 839 3246 cum
858 3178 951 3243 finito
971 3180 1057 3244 bello
1076 3201 1141 3245 uno
1160 3183 1272 3244 tenore
1291 3182 1448 3264 scriptum

306 3290 377 3332 esse
397 3268 540 3332 ostendit
559 3269 599 3332 ab
620 3290 683 3334 uno
703 3267 880 3352 eodemque
899 3267 1043 3352 homine3
1067 3270 1190 3332 sivero
1210 3269 1282 3352 quis
1301 3269 1447 3336 Hirtium

304 3357 466 3422 breviario
483 3356 622 3442 quodam
641 3355 748 3421 Asinii
762 3379 857 3422 usum
876 3357 956 3422 haec
975 3356 1204 3444 conscripsisse
1219 3357 1344 3444 dixerit,
1363 3361 1446 3425 nihil

305 3447 362 3512 ille
387 3447 504 3511 dixisse
527 3446 691 3532 putandus
715 3447 784 3511 erit.

393 3537 508 3601 ltestat
526 3540 564 3600 ut
582 3557 775 3620 quaeramus
795 3558 852 3600 cur
865 3535 1000 3600 Asinius
1014 3536 1197 3619 legentibus
1216 3559 1335 3603 nornen
1353 3561 1447 3604 suum

302 3626 478 3709 reticuerit,
503 3646 699 3709 quamquam
722 3626 757 3689 in
776 3647 866 3690 mera
889 3624 1074 3690 coniectura
1098 3627 1363 3710 acquiescendum
1388 3634 1446 3694 est.

302 3712 364 3779 Sed
395 3718 432 3779 ut
458 3715 493 3777 in
520 3713 627 3779 fronte
656 3715 732 3780 libri
760 3736 879 3779 nomen
908 3737 1001 3780 suum
1030 3715 1251 3801 profiteretur,
1277 3717 1350 3783 ideo
1375 3719 1447 3783 fieri

301 3825 368 3868 non
390 3804 507 3888 potuit,
530 3803 606 3886 quia
629 3803 679 3888 iis,
702 3806 758 3888 qui
780 3803 929 3870 Caesaris
954 3827 1035 3888 opus
1054 3805 1208 3887 perficere
1229 3807 1338 3871 conati
1362 3811 1445 3892 sunt,

300 3915 368 3958 non
390 3894 483 3957 licuit
506 3893 680 3976 pristinam
702 3893 948 3976 inscriptionem
973 3893 1106 3958 ‘Rerum
1130 3893 1272 3958 suarum'
1297 3898 1346 3960 vel
1372 3896 1444 3962 ‘Re-

301 4004 374 4046 rum
397 4005 417 4050 a
440 4003 473 4048 se
493 3981 671 4066 gestarum’
696 3982 850 4048 descrere.
893 3982 938 4047 Ut
955 3982 1059 4068 igitur
1077 3982 1211 4048 Tacitus
1235 3984 1365 4069 scripsit
1389 3987 1444 4050 tri-

301 4071 394 4157 ginta
418 4071 458 4135 ab
483 4092 614 4136 excessu
633 4070 709 4136 Divi
729 4072 874 4160 Augusti
895 4072 1071 4158 volumina,
1094 4093 1176 4157 quaa
1198 4093 1283 4140 nunc
1307 4074 1443 4141 dicimus

306 4299 454 4368 opinantes
478 4301 575 4354 hostes
599 4301 783 4372 adoriuntur).
821 4302 924 4357 Contra
946 4301 973 4355 11
997 4307 1070 4371 aut
1095 4303 1217 4371 ‘magna
1235 4301 1277 4357 vis
1296 4307 1445 4374 congesta’

302 4387 359 4424 non
385 4373 428 4426 ast
451 4369 592 4441 Caesaris,
617 4371 666 4440 qni
689 4371 885 4443 comportandi
908 4375 992 4428 verbo
1015 4373 1117 4442 ut'tur,
1142 4375 1190 4428 sed
1213 4373 1313 4429 Asinii.
1350 4375 1390 4431 cf.
1411 4377 1448 4431 ad

303 4447 376 4509 8⁷,3
396 4441 550 4496 dumtaxat.
