3312 5130
651 381 845 472 APPENDIX.
1257 383 1321 449 153

176 546 266 610 solus
286 567 382 630 saepe
396 545 541 610 restituit
555 544 717 611 obsistens
730 545 933 632 fugientibus
949 548 1154 632 retinensque
1173 546 1320 632 singulos

178 639 211 700 et
235 635 393 700 contortis
418 634 565 700 faucibus
589 638 780 700 convertens
808 636 843 700 in
870 636 998 701 hostem
1026 636 1211 720 etquidem
1240 637 1319 702 adeo

176 723 544 807 plerumquetrepidos,
567 727 604 787 ut
626 724 777 808 aquilifer
795 725 937 789 moranti
961 747 994 789 se
1014 724 1145 810 cuspide
1170 725 1213 789 sit
1236 747 1321 790 com·

143 812 333 897 minatus,
364 812 446 876 alius
474 813 507 876 in
533 835 629 877 manu
654 813 828 878 detinentis
857 813 1025 898 reliquerit
1048 814 1185 900 signum.
1231 813 1321 879 Haeo

176 903 263 966 enim
287 901 448 985 pertinere
479 900 519 966 ad
547 901 706 984 proelium
734 902 951 985 Ruspinense,
978 902 1147 969 Plutarchi
1175 904 1320 968 narratio

177 992 271 1056 docet
294 987 365 1075 (vit.
385 989 477 1055 Caes.
497 990 539 1055 52
559 987 653 1074 extr.)
677 994 751 1055 ante
774 1013 918 1077 pugnam
938 990 1159 1076 Thapsensem
1183 992 1320 1057 inserta:

176 1082 246 1144 έστι
270 1077 300 1142 δ’
324 1079 378 1144 ὅτε
401 1076 455 1143 καὶ
479 1076 557 1143 καθ’
581 1076 696 1166 ἑτέραν
714 1081 821 1164 μάχην
841 1078 1100 1164 ἐπλεονέκτησαν
1119 1082 1154 1146 οί
1170 1080 1320 1165 πολέμιοι

177 1174 368 1252 συμπλοκῆς
391 1166 585 1251 γενομένης,
609 1167 646 1232 έν
668 1162 689 1251 ᾗ
708 1171 838 1254 Καίσαρ
862 1171 921 1234 τὸν
945 1169 1130 1254 ἀετοφόρον
1153 1172 1320 1253 φεύγοντα

177 1254 307 1339 λέγεται
342 1257 514 1340 κατασχὼν
551 1255 586 1321 ἐκ
618 1266 678 1322 τοῦ
716 1256 854 1342 αὐχένος
887 1257 1090 1345 ἀναστρέψαι
1127 1257 1182 1322 καὶ
1215 1262 1321 1324 εἰπεῖν

177 1343 367 1427 ,Ἐνταῦθα
391 1342 476 1410 εἰσὶν
496 1347 531 1409 oi
546 1343 734 1429 πολέμιοι“,
758 1351 791 1410 et
811 1347 952 1429 Appiani
972 1349 1003 1411 b.
1022 1349 1081 1412 civ.
1096 1349 1125 1431 2,
1140 1348 1197 1411 95:
1222 1347 1320 1423 αὐτὸς

177 1432 337 1517 (Καίσαρ)
371 1430 408 1498 db
441 1432 569 1516 λέγεται
598 1436 687 1519 παρὰ
723 1435 783 1517 τὴν
814 1436 927 1520 φυγὴν
959 1435 1167 1521 ἐγχρίμπτων
1199 1438 1321 1501 ἅπασιν

177 1522 388 1610 ἐπιστρέφειν
412 1523 541 1599 αὐτούς.
588 1526 658 1588 Καί
677 1547 752 1604 τινα
775 1535 843 1589 τῶν
865 1526 905 1589 τά
928 1524 1065 1608 μέγιστοι
1088 1537 1220 1608 σημεῖα,
1244 1528 1321 1601 τοὺς

177 1613 309 1695 άετοὺς,
341 1614 514 1698 φερόντων
548 1620 586 1696 τῇ
621 1610 741 1677 ἑαυτοῦ
769 1612 854 1697 χειρὶ
884 1615 1087 1697 περισπάσας
1116 1626 1323 1697 μετενεγκεῖν
1433 1679 1439 1683 .

177 1701 242 1766 άπὸ
269 1709 328 1785 τῆς
355 1708 465 1786 φυγῆς
494 1699 528 1777 ές
554 1703 591 1765 τὸ
618 1704 778 1787 πρόσθεν.
823 1701 975 1767 Valerius
999 1703 1160 1767 Maximus
1185 1704 1322 1787 denique

178 1787 222 1877 (3,
243 1792 273 1873 2,
295 1790 351 1876 19)
376 1789 496 1854 omisso
526 1790 597 1854 loco
626 1791 742 1875 proelii
771 1791 861 1856 cuius
886 1791 1024 1877 legionis
1048 1791 1147 1856 fuerit
1172 1792 1324 1876 aquilifer

178 1878 327 1943 tradidit:
356 1878 441 1942 idem
465 1876 611 1964 (Caesar)
641 1879 706 1944 alio
737 1880 862 1964 proelio
886 1880 1026 1966 legionis
1049 1880 1186 1946 Martiae
1211 1881 1323 1965 aquili·

177 1969 282 2032 ferum
311 1967 470 2032 ineundae
496 1967 594 2054 fugae
623 1968 729 2053 gratia
757 1969 822 2032 iam
856 1990 1046 2035 conversum
1074 1970 1221 2035 faucibus
1251 1992 1323 2036 con-

177 2057 373 2142 prehensum
403 2057 438 2121 in
468 2056 662 2122 contrariam
694 2061 821 2141 partem
853 2060 987 2123 retorsit
1020 2059 1249 2144 dexteramque
1283 2060 1323 2124 ad

177 2147 308 2212 hostem
332 2146 466 2210 tendens
492 2144 641 2214 ‘Corsum
667 2146 729 2230 tu',
753 2147 872 2232 inquit,
897 2147 1024 2214 ‘ahis?'
1047 2148 1116 2214 illic
1140 2152 1227 2232 sunt,
1250 2170 1322 2214 eum

178 2236 298 2319 quibus
324 2233 523 2300 dimicamus.

269 2322 359 2400 Quae
389 2326 499 2388 utrum
526 2322 677 2388 Valerius
710 2323 868 2388 Maximus
907 2347 945 2390 ex
982 2325 1066 2389 Livii
1098 2326 1182 2390 libro
1215 2325 1323 2392 OXIll

176 2413 370 2498 sumpserit,
398 2435 440 2476 an
463 2434 501 2476 ex
525 2413 590 2478 alio
615 2412 756 2496 quodam
785 2413 957 2498 scriptore,
986 2437 1140 2498 quaerere
1164 2414 1323 2480 hocloco

175 2525 242 2567 non
268 2501 400 2587 attinet3
424 2505 509 2566 certe
533 2502 597 2567 fuit
619 2502 676 2567 ille
700 2502 839 2586 scriptor
862 2503 923 2567 fide
944 2503 1165 2588 dignissimus,
1188 2503 1265 2587 quia
1285 2526 1322 2568 eo

177 2594 325 2676 tempore
349 2590 437 2676 legio
462 2592 574 2676 quinta
597 2590 717 2656 Martia
741 2614 775 2655 re
799 2613 874 2656 vera
903 2593 936 2656 in
961 2593 1073 2657 Africa
1101 2591 1165 2655 fuit
1188 2592 1233 2677 (b.
1253 2592 1323 2656 Afr.

180 2684 208 2764 1,
226 2681 277 2755 al:
301 2679 411 2765 itaque
435 2701 473 2743 ex
496 2680 648 2766 triginta,
672 2702 752 2763 quas
777 2678 898 2745 Caesar
920 2681 955 2745 in
977 2680 1100 2765 proelio
1125 2680 1323 2764 Ruspinensi

177 2768 294 2834 habuit
322 2767 525 2853 cohortibus,
555 2769 664 2835 decern
692 2769 794 2835 fuisse
822 2773 1004 2854 veteranas,
1033 2769 1150 2855 viginti
1179 2770 1322 2835 tironum

178 2881 217 2922 ex
249 2856 382 2922 Valerio
415 2856 557 2923 Maximo
592 2857 745 2943 sequitur.
800 2858 845 2922 Et
876 2881 949 2924 cum
982 2859 1171 2943 quintanas,
1209 2862 1323 2943 utpote
1376 2943 1379 2946 Ι

177 2947 329 3012 hostibus
342 2947 517 3032 proximis,
541 2968 656 3032 agmen
672 2948 827 3012 clausisse
843 2951 1012 3033 appareat,
1036 2948 1068 3012 id
1089 2971 1126 3013 ex
1148 2967 1185 3012 eo
1200 2949 1322 3014 factum

179 3058 249 3100 esse
277 3035 346 3100 iure
375 3034 475 3118 dicas,
503 3036 588 3120 quod
617 3036 651 3101 in
679 3036 746 3102 acie
773 3041 946 3122 utrumque
975 3059 1072 3104 cornu
1101 3039 1323 3121 firmaverant3

178 3125 278 3190 moris
307 3124 393 3189 enim
421 3124 485 3189 fuit
513 3124 644 3191 Caesari
672 3125 834 3190 tironibus
867 3127 1006 3191 mediam
1036 3127 1135 3192 aciem
1164 3128 1262 3213 tueri,
1291 3129 1325 3191 in

179 3214 331 3279 cornibus
359 3216 531 3279 veteranos
561 3215 721 3280 collocare
755 3211 801 3301 (b.
830 3214 900 3279 afr.
931 3217 1053 3302 81,1).
1104 3214 1226 3292 Quodsi
1254 3216 1324 3300 quis

180 3307 331 3389 quaerat,
367 3325 423 3368 cur
456 3304 681 3368 commentarii
712 3306 825 3368 auctor
856 3303 939 3370 hanc
969 3326 1038 3369 rem
1071 3304 1203 3370 silentio
1232 3327 1323 3387 praa-

177 3393 320 3476 terierit,
347 3391 408 3457 hac
436 3395 509 3458 utar
538 3393 758 3476 excusatione,
789 3397 827 3458 ut
855 3415 927 3457 eum
950 3393 1094 3458 noluisse
1119 3394 1157 3457 de
1182 3393 1323 3458 militum

179 3480 398 3566 trepidatione
432 3484 464 3546 et
495 3481 574 3566 fuga
605 3482 705 3549 verba
741 3482 848 3547 facere
880 3482 1003 3568 dicam3
1039 3482 1091 3548 vel
1124 3482 1232 3566 potius
1266 3504 1324 3546 neo

179 3569 351 3637 Gaesarem
374 3591 434 3636 nec
458 3592 531 3636 eum
551 3571 606 3657 qui
629 3570 836 3655 imperfectos
861 3571 1112 3636 commentarios
1132 3571 1323 3655 absolveret,

178 3659 274 3724 huius
299 3660 345 3724 rei
368 3660 564 3725 mentionem
588 3660 780 3726 iniecturum
805 3683 875 3725 esse
898 3661 1136 3744 praesumebat.

270 3748 319 3812 De
346 3747 463 3832 proelii
490 3752 607 3814 eventu
636 3748 689 3835 (cf.
714 3750 753 3814 ad
779 3751 829 3831 19,
850 3745 884 3835 1)
913 3749 1001 3814 varie
1029 3749 1190 3815 tradidere
1217 3770 1324 3813 rerum

179 3837 362 3921 scriptores.
413 3836 500 3902 Nam
528 3837 640 3902 Livius
670 3861 734 3922 per.
764 3840 827 3904 113
857 3839 1025 3904 Caesarem
1056 3839 1186 3902 ‘contra
1214 3838 1324 3922 copias

178 3925 279 3990 Iubae
309 3926 395 4012 regis
425 3948 496 3991 eum
521 3927 705 3992 discrimine
730 3950 849 4014 magno
873 3926 1051 4012 pugnasse'
1080 3927 1207 4012 scribit3
1239 3927 1323 3992 Plut.

179 4014 269 4081 (laes.
296 4015 339 4079 52
371 4013 493 4080 ἔστιδ’
520 4016 574 4081 ὅτε
599 4015 653 4082 καὶ
680 4014 760 4082 καθ’
788 4014 903 4102 ἑτέραν
928 4016 1036 4100 μάχην
1066 4014 1324 4098 ἐπλεονέκτησαν

179 4105 212 4168 οί
242 4102 395 4188 πολέμιοι
428 4112 618 4189 συμπλοκῆς
646 4103 841 4190 γενομένης;
874 4106 916 4169 53
947 4107 1077 4181 τούτοις
1109 4112 1179 4182 τοίς
1209 4125 1324 4190 προτε-

180 4195 323 4278 ρήμασιν
342 4191 470 4280 ἐπήρθη
492 4197 652 4279 Σκηπίων
673 4195 759 4278 μάχη
781 4200 948 4280 κριθῆναι.
987 4195 1156 4278 Appianas
1184 4193 1324 4275 priorem

179 4279 344 4348 Petreium
360 4284 503 4367 receptui
518 4282 671 4349 cecinisse
689 4283 832 4346 affirmat
843 4280 900 4366 (95
915 4281 977 4358 ἕως
987 4283 1151 4368 Πετρήιος
1165 4280 1324 4367 ἀνέζευξε,

181 4369 233 4436 καί
259 4371 277 4438 ό
303 4374 434 4456 Καίσαρ
458 4372 627 4449 ἀσπασίως
650 4371 842 4457 ὑπεχώρει),
865 4370 949 4434 idem
969 4393 1044 4436 vero
1065 4393 1133 4455 cap.
1148 4373 1191 4436 96
1210 4370 1324 4436 Caesa-

180 4461 289 4526 rianos
314 4461 503 4552 perterritos
532 4462 632 4526 fuisse
662 4461 834 4547 profitetur
861 4461 943 4526 κατὰ
970 4471 1090 4546 πεῖραν
1113 4455 1161 4525 ὧν
1183 4461 1246 4545 ἤδη
1270 4483 1325 4527 τιε-
